@inproceedings{Pordes:2017BL,
  author    = {Pordes, Ruth  and  Snider, Erica},
  title     = {{The Liquid Argon Software Toolkit (LArSoft): Goals, Status and Plan}},
  doi       = {10.22323/1.282.0182},
  booktitle = {Proceedings of 38th International Conference on High Energy Physics {\textemdash} PoS(ICHEP2016)},
  year      = 2017,
  volume    = {282},
  pages     = {182}
}

@article{Church:2013hea,
  author        = {Church, Eric D.},
  title         = {{LArSoft: A Software Package for Liquid Argon Time Projection Drift Chambers}},
  eprint        = {1311.6774},
  archiveprefix = {arXiv},
  primaryclass  = {physics.ins-det},
  month         = {11},
  year          = {2013}
}

@article{Snider:2017wjd,
  author       = {Snider, E. L. and Petrillo, G.},
  editor       = {Mount, Richard and Tull, Craig},
  title        = {{LArSoft: Toolkit for Simulation, Reconstruction and Analysis of Liquid Argon TPC Neutrino Detectors}},
  reportnumber = {FERMILAB-CONF-17-052-CD},
  doi          = {10.1088/1742-6596/898/4/042057},
  journal      = {J. Phys. Conf. Ser.},
  volume       = {898},
  number       = {4},
  pages        = {042057},
  year         = {2017}
}

@article{Biery:2013cda,
  author       = {Biery, K. and Green, C. and Kowalkowski, J. and Paterno, M. and Rechenmacher, R.},
  title        = {{artdaq: An Event-Building, Filtering, and Processing Framework}},
  reportnumber = {FERMILAB-PUB-13-062-CD},
  doi          = {10.1109/TNS.2013.2251660},
  journal      = {IEEE Trans. Nucl. Sci.},
  volume       = {60},
  pages        = {3764 -- 3771},
  year         = {2013}
}

% Green:2012gv
@article{greenArtFramework2012,
  author       = {Green, C. and Kowalkowski, J. and Paterno, M. and Fischler, M. and Garren, L. and Lu, Q.},
  editor       = {Ernst, Michael and D{\"u}llmann, Dirk and Rind, Ofer and Wong, Tony},
  title        = {{The Art Framework}},
  reportnumber = {FERMILAB-PUB-12-301-CD},
  doi          = {10.1088/1742-6596/396/2/022020},
  journal      = {J. Phys. Conf. Ser.},
  volume       = {396},
  pages        = {022020},
  year         = {2012}
}

@software{rene_brun_2019_3895860,
  author    = {Rene Brun and
               Fons Rademakers and
               Philippe Canal and
               Axel Naumann and
               Olivier Couet and
               Lorenzo Moneta and
               Vassil Vassilev and
               Sergey Linev and
               Danilo Piparo and
               Gerardo GANIS and
               Bertrand Bellenot and
               Enrico Guiraud and
               Guilherme Amadio and
               wverkerke and
               Pere Mato and
               TimurP and
               Matev≈æ Tadel and
               wlav and
               Enric Tejedor and
               Jakob Blomer and
               Andrei Gheata and
               Stephan Hageboeck and
               Stefan Roiser and
               marsupial and
               Stefan Wunsch and
               Oksana Shadura and
               Anirudha Bose and
               CristinaCristescu and
               Xavier Valls and
               Raphael Isemann},
  title     = {root-project/root: v6.18/02},
  month     = aug,
  year      = 2019,
  publisher = {Zenodo},
  version   = {v6-18-02},
  doi       = {10.5281/zenodo.3895860}
}

@article{MicroBooNE:2018swd,
  author        = {Adams, C. and others},
  collaboration = {MicroBooNE},
  title         = {{Ionization electron signal processing in single phase LArTPCs. Part I. Algorithm Description and quantitative evaluation with MicroBooNE simulation}},
  eprint        = {1802.08709},
  archiveprefix = {arXiv},
  primaryclass  = {physics.ins-det},
  reportnumber  = {FERMILAB-PUB-18-056-ND-PPD},
  doi           = {10.1088/1748-0221/13/07/P07006},
  journal       = {JINST},
  volume        = {13},
  number        = {07},
  pages         = {P07006},
  year          = {2018}
}

@article{MicroBooNE:2018vro,
  author        = {Adams, C. and others},
  collaboration = {MicroBooNE},
  title         = {{Ionization electron signal processing in single phase LArTPCs. Part II. Data/simulation comparison and performance in MicroBooNE}},
  eprint        = {1804.02583},
  archiveprefix = {arXiv},
  primaryclass  = {physics.ins-det},
  reportnumber  = {FERMILAB-PUB-18-096-ND},
  doi           = {10.1088/1748-0221/13/07/P07007},
  journal       = {JINST},
  volume        = {13},
  number        = {07},
  pages         = {P07007},
  year          = {2018}
}

@article{MicroBooNE:2017xvs,
  author        = {Acciarri, R. and others},
  collaboration = {MicroBooNE},
  title         = {{The Pandora multi-algorithm approach to automated pattern recognition of cosmic-ray muon and neutrino events in the MicroBooNE detector}},
  eprint        = {1708.03135},
  archiveprefix = {arXiv},
  primaryclass  = {hep-ex},
  reportnumber  = {FERMILAB-PUB-17-306-ND, AIDA-2020-PUB-2017-002},
  doi           = {10.1140/epjc/s10052-017-5481-6},
  journal       = {Eur. Phys. J. C},
  volume        = {78},
  number        = {1},
  pages         = {82},
  year          = {2018}
}

@inproceedings{Drielsma:2021jdv,
  author        = {Drielsma, Francois and Terao, Kazuhiro and Domin{\'e}, Laura and Koh, Dae Heun},
  title         = {{Scalable, End-to-End, Deep-Learning-Based Data Reconstruction Chain for Particle Imaging Detectors}},
  booktitle     = {{34th Conference on Neural Information Processing Systems}},
  eprint        = {2102.01033},
  archiveprefix = {arXiv},
  primaryclass  = {hep-ex},
  month         = {2},
  year          = {2021}
}

@article{DeepLearnPhysics:2020hut,
  author        = {Drielsma, Francois and Lin, Qing and de Soux, Pierre C{\^o}te and Domin{\'e}, Laura and Itay, Ran and Koh, Dae Heun and Nelson, Bradley J. and Terao, Kazuhiro and Tsang, Ka Vang and Usher, Tracy L.},
  collaboration = {DeepLearnPhysics},
  title         = {{Clustering of electromagnetic showers and particle interactions with graph neural networks in liquid argon time projection chambers}},
  eprint        = {2007.01335},
  archiveprefix = {arXiv},
  primaryclass  = {physics.ins-det},
  doi           = {10.1103/PhysRevD.104.072004},
  journal       = {Phys. Rev. D},
  volume        = {104},
  number        = {7},
  pages         = {072004},
  year          = {2021}
}