% Rubbia:1977zz
@techreport{rubbiaLiquidArgonTime1977,
  author     = {Rubbia, C.},
  title      = {{The Liquid Argon Time Projection Chamber: A New Concept for Neutrino Detectors}},
  shorttitle = {The Liquid Argon Time Projection Chamber},
  number     = {CERN-EP-INT-77-08, CERN-EP-77-08},
  type       = {Tech. {{Rep}}.},
  address    = {CERN},
  month      = {5},
  year       = {1977}
}

% Rubbia:2015ihh
@techreport{acciarriProposalThreeDetector2015,
  author        = {Rubbia, C.},
  collaboration = {ICARUS-WA104, LAr1-ND, MicroBooNE},
  title         = {{A Proposal for a Three Detector Short-Baseline Neutrino Oscillation Program in the Fermilab Booster Neutrino Beam}},
  number        = {FERMILAB-LOI-2015-01},
  month         = {1},
  year          = {2015},
  eprint        = {1503.01520},
  archiveprefix = {arXiv},
  primaryclass  = {physics.ins-det}
}