@article{Machado:2019oxb,
    author = "Machado, Pedro AN and Palamara, Ornella and Schmitz, David W",
    title = "{The Short-Baseline Neutrino Program at Fermilab}",
    eprint = "1903.04608",
    archivePrefix = "arXiv",
    primaryClass = "hep-ex",
    reportNumber = "FERMILAB-PUB-19-079-ND-T",
    doi = "10.1146/annurev-nucl-101917-020949",
    journal = "Ann. Rev. Nucl. Part. Sci.",
    volume = "69",
    pages = "363--387",
    year = "2019"
}

@article{MicroBooNE:2015bmn,
    author = "Acciarri, R. and others",
    collaboration = "MicroBooNE, LAr1-ND, ICARUS-WA104",
    title = "{A Proposal for a Three Detector Short-Baseline Neutrino Oscillation Program in the Fermilab Booster Neutrino Beam}",
    eprint = "1503.01520",
    archivePrefix = "arXiv",
    primaryClass = "physics.ins-det",
    month = "3",
    year = "2015"
}

@article{MiniBooNE:2018esg,
    author = "Aguilar-Arevalo, A. A. and others",
    collaboration = "MiniBooNE",
    title = "{Significant Excess of ElectronLike Events in the MiniBooNE Short-Baseline Neutrino Experiment}",
    eprint = "1805.12028",
    archivePrefix = "arXiv",
    primaryClass = "hep-ex",
    reportNumber = "LA-UR-18-24586, FERMILAB-PUB-18-219-AD-PPD-ND",
    doi = "10.1103/PhysRevLett.121.221801",
    journal = "Phys. Rev. Lett.",
    volume = "121",
    number = "22",
    pages = "221801",
    year = "2018"
}


@article{ICARUS:2023gpo,
    author = "Abratenko, P. and others",
    collaboration = "ICARUS",
    title = "{ICARUS at the Fermilab Short-Baseline Neutrino program: initial operation}",
    eprint = "2301.08634",
    archivePrefix = "arXiv",
    primaryClass = "hep-ex",
    reportNumber = "FERMILAB-PUB-23-010-ND",
    doi = "10.1140/epjc/s10052-023-11610-y",
    journal = "Eur. Phys. J. C",
    volume = "83",
    number = "6",
    pages = "467",
    year = "2023"
}

@article{Rubbia:1977zz,
    author = "Rubbia, C.",
    title = "{The Liquid Argon Time Projection Chamber: A New Concept for Neutrino Detectors}",
    reportNumber = "CERN-EP-INT-77-08, CERN-EP-77-08",
    month = "5",
    year = "1977",
    journal = ""
}

@article{Bettini:1991fh,
    author = "Bettini, A. and others",
    title = "{The ICARUS liquid argon TPC: A Complete imaging device for particle physics}",
    reportNumber = "LNGS-91-16",
    doi = "10.1016/0168-9002(92)90707-B",
    journal = "Nucl. Instrum. Meth. A",
    volume = "315",
    pages = "223--228",
    year = "1992"
}

@inproceedings{Cennini:1994pk,
    author = "Cennini, P. and others",
    title = "{ICARUS: A second generation proton decay and neutrino detector at the LNGS}",
    booktitle = "{5th International Conference on Calorimetry in High-energy Physics}",
    pages = "155--160",
    year = "1994"
}

@article{ICARUS:1995nrd,
    author = "Cennini, P. and others",
    collaboration = "ICARUS",
    title = "{A first 600 ton ICARUS detector installed at the Gran Sasso Laboratory}",
    reportNumber = "LNGS-95-10",
    year = "1995",
    journal = ""
}

@article{Guglielmi:2005xz,
    author = "Guglielmi, A.",
    editor = "Aoki, M. and Iwashita, Y. and Kuze, M.",
    title = "{The ICARUS project}",
    doi = "10.1016/j.nuclphysbps.2005.05.029",
    journal = "Nucl. Phys. B Proc. Suppl.",
    volume = "149",
    pages = "143--146",
    year = "2005"
}

@article{Rubbia:2011ft,
    author = "Rubbia, C. and others",
    title = "{Underground operation of the ICARUS T600 LAr-TPC: first results}",
    eprint = "1106.0975",
    archivePrefix = "arXiv",
    primaryClass = "hep-ex",
    doi = "10.1088/1748-0221/6/07/P07011",
    journal = "JINST",
    volume = "6",
    pages = "P07011",
    year = "2011"
}

% CNGS 1/2 status

@article{Kodama:2004db,
    author = "Kodama, K.",
    editor = "Para, Adam",
    collaboration = "OPERA",
    title = "{CNGS, OPERA and ICARUS status}",
    doi = "10.1063/1.1818404",
    journal = "AIP Conf. Proc.",
    volume = "721",
    number = "1",
    pages = "231--234",
    year = "2004"
}

%% VETO CRT

@article{Behera:2021iap,
    author = "Behera, Biswaranjan",
    collaboration = "ICARUS",
    title = "{Cosmogenic background suppression at the ICARUS using a concrete overburden}",
    doi = "10.1088/1742-6596/2156/1/012181",
    journal = "J. Phys. Conf. Ser.",
    volume = "2156",
    number = "1",
    pages = "012181",
    year = "2021"
}

@phdthesis{Hilgenberg:2020ukn,
    author = "Hilgenberg, Christopher Michael",
    title = "{Cosmogenic background rejection for the sterile neutrino search with the Short-Baseline Neutrino Program far detector}",
    reportNumber = "FERMILAB-THESIS-2021-22",
    school = "Colorado State U., Colorado State U.",
    year = "2020"
}

@phdthesis{Boone:2024fdy,
    author = "Boone, author, Tyler N.",
    title = "{ICARUS cosmic ray tagger efficiency}",
    school = "Colorado State U., Fort Collins",
    year = "2024"
}

@phdthesis{Poppi:2023zmp,
    author = "Poppi, Francesco",
    title = "{The cosmic ray tagger of the ICARUS detector: construction, commissioning and performances in the first physics run}",
    doi = "10.48676/unibo/amsdottorato/11037.",
    school = "amsdottorato, Alma Mater Studiorum - Universit\`a di Bologna, Bologna U.",
    year = "2023"
}

@article{Poppi:2022vhg,
    author = "Poppi, Francesco",
    collaboration = "ICARUS",
    title = "{The Cosmic Ray Tagger system of the ICARUS detector at Fermilab}",
    doi = "10.22323/1.414.0580",
    journal = "PoS",
    volume = "ICHEP2022",
    pages = "580",
    year = "2022"
}

% Alice Campani
% Lea Di Noto
% Angela Fava
% Mattia Sotgia

% DOCDB mattia documents

@article{Sotgia:2024a,
    author = "Campani, Alice and Di Noto, Lea and Fava, Angela and Sotgia, Mattia",
    collaboration = "ICARUS",
    title = "{Tests towards a new training of the track vs shower discrimination BDT}",
    volume = "SBN-docDB",
    journal = "ICARUS TPC Reconstruction WG",
    year = "2024",
    pages = "37571",
    url = "https://sbn-docdb.fnal.gov/cgi-bin/sso/ShowDocument?docid=37571"
}

@article{Sotgia:2024b,
    author = "Campani, Alice and Di Noto, Lea and Fava, Angela and Sotgia, Mattia",
    collaboration = "ICARUS",
    title = "{Tests towards a new training of the track/shower discrimination BDT in Pandora}",
    volume = "SBN-docDB",
    journal = "ICARUS TPC Reconstruction WG",
    pages = "37652",
    year = "2024",
    url = "https://sbn-docdb.fnal.gov/cgi-bin/sso/ShowDocument?docid=37652"
}

@article{Sotgia:2024c,
    author = "Campani, Alice and Di Noto, Lea and Fava, Angela and Sotgia, Mattia",
    collaboration = "ICARUS",
    title = "{Tests towards a new training of the track vs shower discrimination BDT: status update}",
    volume = "SBN-docDB",
    journal = "ICARUS TPC Reconstruction WG",
    year = "2024",
    pages = "37825",
    url = "https://sbn-docdb.fnal.gov/cgi-bin/sso/ShowDocument?docid=37825"
}

@article{Sotgia:2024d,
    author = "Campani, Alice and Di Noto, Lea and Fava, Angela and Sotgia, Mattia",
    collaboration = "ICARUS",
    title = "{Update on the new training for track vs shower discrimination in Pandora}",
    volume = "SBN-docDB",
    journal = "ICARUS TPC Reconstruction WG",
    year = "2024",
    pages = "37990",
    url = "https://sbn-docdb.fnal.gov/cgi-bin/sso/ShowDocument?docid=37990"
}

@article{MicroBooNE:2017xvs,
    author = "Acciarri, R. and others",
    collaboration = "MicroBooNE",
    title = "{The Pandora multi-algorithm approach to automated pattern recognition of cosmic-ray muon and neutrino events in the MicroBooNE detector}",
    eprint = "1708.03135",
    archivePrefix = "arXiv",
    primaryClass = "hep-ex",
    reportNumber = "FERMILAB-PUB-17-306-ND, AIDA-2020-PUB-2017-002",
    doi = "10.1140/epjc/s10052-017-5481-6",
    journal = "Eur. Phys. J. C",
    volume = "78",
    number = "1",
    pages = "82",
    year = "2018"
}

@article{DUNE:2022wlc,
    author = "Abed Abud, Adam and others",
    collaboration = "DUNE",
    title = "{Reconstruction of interactions in the ProtoDUNE-SP detector with Pandora}",
    eprint = "2206.14521",
    archivePrefix = "arXiv",
    primaryClass = "hep-ex",
    reportNumber = "FERMILAB-PUB-22-488-AD-ESH-LBNF-ND-SCD, CERN-EP-DRAFT-MISC-2022-007",
    doi = "10.1140/epjc/s10052-023-11733-2",
    journal = "Eur. Phys. J. C",
    volume = "83",
    number = "7",
    pages = "618",
    year = "2023"
}

@article{DUNE:2022fcw,
    author = "Abed Abud, Adam and others",
    collaboration = "DUNE",
    title = "{DUNE Offline Computing Conceptual Design Report}",
    eprint = "2210.15665",
    archivePrefix = "arXiv",
    primaryClass = "physics.data-an",
    reportNumber = "FERMILAB-DESIGN-2022-01",
    month = "10",
    year = "2022",
    journal = ""
}

@article{Snider:2017wjd,
    author = "Snider, E. L. and Petrillo, G.",
    editor = "Mount, Richard and Tull, Craig",
    title = "{LArSoft: Toolkit for Simulation, Reconstruction and Analysis of Liquid Argon TPC Neutrino Detectors}",
    reportNumber = "FERMILAB-CONF-17-052-CD",
    doi = "10.1088/1742-6596/898/4/042057",
    journal = "J. Phys. Conf. Ser.",
    volume = "898",
    number = "4",
    pages = "042057",
    year = "2017"
}

@article{Marshall:2015rfa,
    author = "Marshall, J. S. and Thomson, M. A.",
    title = "{The Pandora Software Development Kit for Pattern Recognition}",
    eprint = "1506.05348",
    archivePrefix = "arXiv",
    primaryClass = "physics.data-an",
    doi = "10.1140/epjc/s10052-015-3659-3",
    journal = "Eur. Phys. J. C",
    volume = "75",
    number = "9",
    pages = "439",
    year = "2015"
}

@inproceedings{Drielsma:2021jdv,
    author = "Drielsma, Francois and Terao, Kazuhiro and Domin\'e, Laura and Koh, Dae Heun",
    title = "{Scalable, End-to-End, Deep-Learning-Based Data Reconstruction Chain for Particle Imaging Detectors}",
    booktitle = "{34th Conference on Neural Information Processing Systems}",
    eprint = "2102.01033",
    archivePrefix = "arXiv",
    primaryClass = "hep-ex",
    month = "2",
    year = "2021"
}

@article{FREUND1997119,
title = {A Decision-Theoretic Generalization of On-Line Learning and an Application to Boosting},
journal = {Journal of Computer and System Sciences},
volume = {55},
number = {1},
pages = {119-139},
year = {1997},
issn = {0022-0000},
doi = {https://doi.org/10.1006/jcss.1997.1504},
url = {https://www.sciencedirect.com/science/article/pii/S002200009791504X},
author = {Yoav Freund and Robert E Schapire},
abstract = {In the first part of the paper we consider the problem of dynamically apportioning resources among a set of options in a worst-case on-line framework. The model we study can be interpreted as a broad, abstract extension of the well-studied on-line prediction model to a general decision-theoretic setting. We show that the multiplicative weight-update Littlestone–Warmuth rule can be adapted to this model, yielding bounds that are slightly weaker in some cases, but applicable to a considerably more general class of learning problems. We show how the resulting learning algorithm can be applied to a variety of problems, including gambling, multiple-outcome prediction, repeated games, and prediction of points in Rn. In the second part of the paper we apply the multiplicative weight-update technique to derive a new boosting algorithm. This boosting algorithm does not require any prior knowledge about the performance of the weak learning algorithm. We also study generalizations of the new boosting algorithm to the problem of learning functions whose range, rather than being binary, is an arbitrary finite set or a bounded segment of the real line.}
}


% Updates on NN use in 1995 for ICARUS
@article{Cennini:1995tt,
    author = "Cennini, P. and others",
    title = "{A Neural network approach for the TPC signal processing}",
    doi = "10.1016/0168-9002(94)01310-1",
    journal = "Nucl. Instrum. Meth. A",
    volume = "356",
    pages = "507--513",
    year = "1995"
}


%% Campani Neutrino 2024

@article{Campani:2024,
    author = {Alice Campani},
    journal = {Poster session},
    volume = {Neutrino2024},
    title = {Track vs shower discrimination in the event reconstruction of the ICARUS experiment},
    url = {https://agenda.infn.it/event/37867/timetable/?view=standard#439-track-vs-shower-discrimina},
    year = {2024}
}


%% ROOT

@software{rene_brun_2020_3895860,
  author       = {Rene Brun and
                  Fons Rademakers and
                  Philippe Canal and
                  Axel Naumann and
                  Olivier Couet and
                  Lorenzo Moneta and
                  Vassil Vassilev and
                  Sergey Linev and
                  Danilo Piparo and
                  Gerardo GANIS and
                  Bertrand Bellenot and
                  Enrico Guiraud and
                  Guilherme Amadio and
                  wverkerke and
                  Pere Mato and
                  TimurP and
                  Matevž Tadel and
                  wlav and
                  Enric Tejedor and
                  Jakob Blomer and
                  Andrei Gheata and
                  Stephan Hageboeck and
                  Stefan Roiser and
                  marsupial and
                  Stefan Wunsch and
                  Oksana Shadura and
                  Anirudha Bose and
                  CristinaCristescu and
                  Xavier Valls and
                  Raphael Isemann},
  title        = {root-project/root: v6.18/02},
  month        = jun,
  year         = 2020,
  publisher    = {Zenodo},
  version      = {v6-18-02},
  doi          = {10.5281/zenodo.3895860},
  url          = {https://doi.org/10.5281/zenodo.3895860}
}


@article{Cornell:2021gut,
    author = "Cornell, Alan S. and Doorsamy, Wesley and Fuks, Benjamin and Harmsen, Gerhard and Mason, Lara",
    title = "{Boosted decision trees in the era of new physics: a smuon analysis case study}",
    eprint = "2109.11815",
    archivePrefix = "arXiv",
    primaryClass = "hep-ph",
    doi = "10.1007/JHEP04(2022)015",
    journal = "JHEP",
    volume = "04",
    pages = "015",
    year = "2022"
}


@ARTICLE{2005NIMPA.555..370Y,
       author = {{Yang}, Hai-Jun and {Roe}, Byron P. and {Zhu}, Ji},
        title = "{Studies of boosted decision trees for MiniBooNE particle identification}",
      journal = {Nuclear Instruments and Methods in Physics Research A},
     keywords = {Data Analysis, Statistics and Probability},
         year = 2005,
        month = dec,
       volume = {555},
       number = {1-2},
        pages = {370-385},
          doi = {10.1016/j.nima.2005.09.022},
archivePrefix = {arXiv},
       eprint = {physics/0508045},
 primaryClass = {physics.data-an},
       adsurl = {https://ui.adsabs.harvard.edu/abs/2005NIMPA.555..370Y},
      adsnote = {Provided by the SAO/NASA Astrophysics Data System}
}

@article{Roe:2004na,
    author = "Roe, Byron P. and Yang, Hai-Jun and Zhu, Ji and Liu, Yong and Stancu, Ion and McGregor, Gordon",
    title = "{Boosted decision trees, an alternative to artificial neural networks}",
    eprint = "physics/0408124",
    archivePrefix = "arXiv",
    doi = "10.1016/j.nima.2004.12.018",
    journal = "Nucl. Instrum. Meth. A",
    volume = "543",
    number = "2-3",
    pages = "577--584",
    year = "2005"
}


