@article{abratenkoICARUSFermilabShortBaseline2023,
  title = {{{ICARUS}} at the {{Fermilab Short-Baseline Neutrino}} Program: Initial Operation},
  shorttitle = {{{ICARUS}} at the {{Fermilab Short-Baseline Neutrino}} Program},
  author = {Abratenko, P. and Aduszkiewicz, A. and Akbar, F. and Pons, M. Artero and Asaadi, J. and Aslin, M. and Babicz, M. and Badgett, W. F. and Bagby, L. F. and Baibussinov, B. and Behera, B. and Bellini, V. and Beltramello, O. and Benocci, R. and Berger, J. and Berkman, S. and Bertolucci, S. and Bertoni, R. and Betancourt, M. and Bettini, M. and Biagi, S. and Biery, K. and Bitter, O. and Bonesini, M. and Boone, T. and Bottino, B. and Braggiotti, A. and Brailsford, D. and Bremer, J. and Brice, S. J. and Brio, V. and Brizzolari, C. and Brown, J. and Budd, H. S. and Calaon, F. and Campani, A. and Carber, D. and Carneiro, M. and Terrazas, I. Caro and Carranza, H. and Casazza, D. and Castellani, L. and Castro, A. and Centro, S. and Cerati, G. and Chalifour, M. and Chambouvet, P. and Chatterjee, A. and Cherdack, D. and Cherubini, S. and Chithirasreemadam, N. and Cicerchia, M. and Cicero, V. and Coan, T. and Cocco, A. G. and Convery, M. R. and Copello, S. and Cristaldo, E. and Dange, A. A. and {de Icaza Astiz}, I. and De Roeck, A. and Di Domizio, S. and Di Noto, L. and Di Stefano, C. and Di Ferdinando, D. and Diwan, M. and Dolan, S. and Domine, L. and Donati, S. and Doubnik, R. and Drielsma, F. and Dyer, J. and Dytman, S. and Fabre, C. and Fabris, F. and Falcone, A. and Farnese, C. and Fava, A. and Ferguson, H. and Ferrari, A. and Ferraro, F. and Gallice, N. and Garcia, F. G. and Geynisman, M. and Giarin, M. and Gibin, D. and Gigli, S. G. and Gioiosa, A. and Gu, W. and Guerzoni, M. and Guglielmi, A. and Gurung, G. and Hahn, S. and Hardin, K. and Hausner, H. and Heggestuen, A. and Hilgenberg, C. and Hogan, M. and Howard, B. and Howell, R. and Hrivnak, J. and Iliescu, M. and Ingratta, G. and James, C. and Jang, W. and Jung, M. and Jwa, Y.-J. and Kashur, L. and Ketchum, W. and Kim, J. S. and Koh, D.-H. and Kose, U. and Larkin, J. and Laurenti, G. and Lukhanin, G. and Marchini, S. and Marshall, C. M. and Martynenko, S. and Mauri, N. and Mazzacane, A. and McFarland, K. S. and M{\'e}ndez, D. P. and Menegolli, A. and Meng, G. and Miranda, O. G. and Mladenov, D. and Mogan, A. and Moggi, N. and Montagna, E. and Montanari, C. and Montanari, A. and Mooney, M. and {Moreno-Granados}, G. and Mueller, J. and Naples, D. and {Nebot-Guinot}, M. and Nessi, M. and Nichols, T. and Nicoletto, M. and Norris, B. and Palestini, S. and Pallavicini, M. and Paolone, V. and Papaleo, R. and Pasqualini, L. and Patrizii, L. and Peghin, R. and Petrillo, G. and Petta, C. and Pia, V. and Pietropaolo, F. and Poirot, J. and Poppi, F. and Pozzato, M. and Prata, M. C. and Prosser, A. and Putnam, G. and Qian, X. and Rampazzo, G. and Rappoldi, A. and Raselli, G. L. and Rechenmacher, R. and Resnati, F. and Ricci, A. M. and Riccobene, G. and Rice, L. and Richards, E. and Rigamonti, A. and Rosenberg, M. and Rossella, M. and Rubbia, C. and Sala, P. and Sapienza, P. and Savage, G. and Scaramelli, A. and Scarpelli, A. and Schmitz, D. and Schukraft, A. and Sergiampietri, F. and Sirri, G. and Smedley, J. S. and Soha, A. K. and Spanu, M. and Stanco, L. and Stewart, J. and Suarez, N. B. and Sutera, C. and Tanaka, H. A. and Tenti, M. and Terao, K. and Terranova, F. and Togo, V. and Torretta, D. and Torti, M. and Tortorici, F. and Tosi, N. and Tsai, Y.-T. and Tufanli, S. and Turcato, M. and Usher, T. and Varanini, F. and Ventura, S. and Vercellati, F. and Vicenzi, M. and Vignoli, C. and Viren, B. and Warner, D. and Williams, Z. and Wilson, R. J. and Wilson, P. and Wolfs, J. and Wongjirad, T. and Wood, A. and Worcester, E. and Worcester, M. and Wospakrik, M. and Yu, H. and Yu, J. and Zani, A. and Zatti, P. G. and Zennamo, J. and Zettlemoyer, J. C. and Zhang, C. and Zucchelli, S. and Zuckerbrot, M.},
  year = {2023},
  month = jun,
  journal = {The European Physical Journal C},
  volume = {83},
  number = {6},
  pages = {467},
  issn = {1434-6052},
  doi = {10.1140/epjc/s10052-023-11610-y},
  urldate = {2025-04-13},
  abstract = {The ICARUS collaboration employed the 760-ton T600 detector in a successful 3-year physics run at the underground LNGS laboratory, performing a sensitive search for LSND-like anomalous \$\${\textbackslash}nu \_e\$\$appearance in the CERN Neutrino to Gran Sasso beam, which contributed to the constraints on the allowed neutrino oscillation parameters to a narrow region around 1 eV\$\${\textasciicircum}2\$\$. After a significant overhaul at CERN, the T600 detector has been installed at Fermilab. In 2020 the cryogenic commissioning began with detector cool down, liquid argon filling and recirculation. ICARUS then started its operations collecting the first neutrino events from the booster neutrino beam (BNB) and the Neutrinos at the Main Injector (NuMI) beam off-axis, which were used to test the ICARUS event selection, reconstruction and analysis algorithms. ICARUS successfully completed its commissioning phase in June 2022. The first goal of the ICARUS data taking will be a study to either confirm or refute the claim by Neutrino-4 short-baseline reactor experiment. ICARUS will also perform measurement of neutrino cross sections with the NuMI beam and several Beyond Standard Model searches. After the first year of operations, ICARUS will search for evidence of sterile neutrinos jointly with the Short-Baseline Near Detector, within the Short-Baseline Neutrino program. In this paper, the main activities carried out during the overhauling and installation phases are highlighted. Preliminary technical results from the ICARUS commissioning data with the BNB and NuMI beams are presented both in terms of performance of all ICARUS subsystems and of capability to select and reconstruct neutrino events.},
  langid = {english},
  keywords = {Experimental Particle Physics},
  file = {/Users/msotgia/Zotero/storage/LNXCW9TI/Abratenko et al. - 2023 - ICARUS at the Fermilab Short-Baseline Neutrino program initial operation.pdf}
}

@article{acciarriPandoraMultialgorithmApproach2018,
  title = {The {{Pandora}} Multi-Algorithm Approach to Automated Pattern Recognition of Cosmic-Ray Muon and Neutrino Events in the {{MicroBooNE}} Detector},
  author = {Acciarri, R. and Adams, C. and An, R. and Anthony, J. and Asaadi, J. and Auger, M. and Bagby, L. and Balasubramanian, S. and Baller, B. and Barnes, C. and Barr, G. and Bass, M. and Bay, F. and Bishai, M. and Blake, A. and Bolton, T. and Camilleri, L. and Caratelli, D. and Carls, B. and Castillo Fernandez, R. and Cavanna, F. and Chen, H. and Church, E. and Cianci, D. and Cohen, E. and Collin, G. H. and Conrad, J. M. and Convery, M. and {Crespo-Anad{\'o}n}, J. I. and Del Tutto, M. and Devitt, A. and Dytman, S. and Eberly, B. and Ereditato, A. and Escudero Sanchez, L. and Esquivel, J. and Fadeeva, A. A. and Fleming, B. T. and Foreman, W. and Furmanski, A. P. and {Garcia-Gamez}, D. and Garvey, G. T. and Genty, V. and Goeldi, D. and Gollapinni, S. and Graf, N. and Gramellini, E. and Greenlee, H. and Grosso, R. and Guenette, R. and Hackenburg, A. and Hamilton, P. and Hen, O. and Hewes, J. and Hill, C. and Ho, J. and {Horton-Smith}, G. and Hourlier, A. and Huang, E.-C. and James, C. and {Jan de Vries}, J. and Jen, C.-M. and Jiang, L. and Johnson, R. A. and Joshi, J. and Jostlein, H. and Kaleko, D. and Karagiorgi, G. and Ketchum, W. and Kirby, B. and Kirby, M. and Kobilarcik, T. and Kreslo, I. and Laube, A. and Li, Y. and Lister, A. and Littlejohn, B. R. and Lockwitz, S. and Lorca, D. and Louis, W. C. and Luethi, M. and Lundberg, B. and Luo, X. and Marchionni, A. and Mariani, C. and Marshall, J. and Martinez Caicedo, D. A. and Meddage, V. and Miceli, T. and Mills, G. B. and Moon, J. and Mooney, M. and Moore, C. D. and Mousseau, J. and Murrells, R. and Naples, D. and Nienaber, P. and Nowak, J. and Palamara, O. and Paolone, V. and Papavassiliou, V. and Pate, S. F. and Pavlovic, Z. and Piasetzky, E. and Porzio, D. and Pulliam, G. and Qian, X. and Raaf, J. L. and Rafique, A. and Rochester, L. and {Rudolf von Rohr}, C. and Russell, B. and Schmitz, D. W. and Schukraft, A. and Seligman, W. and Shaevitz, M. H. and Sinclair, J. and Smith, A. and Snider, E. L. and Soderberg, M. and {S{\"o}ldner-Rembold}, S. and Soleti, S. R. and Spentzouris, P. and Spitz, J. and St. John, J. and Strauss, T. and Szelc, A. M. and Tagg, N. and Terao, K. and Thomson, M. and Toups, M. and Tsai, Y.-T. and Tufanli, S. and Usher, T. and Van~De Pontseele, W. and {Van~de Water}, R. G. and Viren, B. and Weber, M. and Wickremasinghe, D. A. and Wolbers, S. and Wongjirad, T. and Woodruff, K. and Yang, T. and Yates, L. and Zeller, G. P. and Zennamo, J. and Zhang, C.},
  year = {2018},
  month = jan,
  journal = {The European Physical Journal C},
  volume = {78},
  number = {1},
  pages = {82},
  issn = {1434-6052},
  doi = {10.1140/epjc/s10052-017-5481-6},
  urldate = {2025-02-24},
  abstract = {The development and operation of liquid-argon time-projection chambers for neutrino physics has created a need for new approaches to pattern recognition in order to fully exploit the imaging capabilities offered by this technology. Whereas the human brain can excel at identifying features in the recorded events, it is a significant challenge to develop an automated, algorithmic solution. The Pandora Software Development Kit provides functionality to aid the design and implementation of pattern-recognition algorithms. It promotes the use of a multi-algorithm approach to pattern recognition, in which individual algorithms each address a specific task in a particular topology. Many tens of algorithms then carefully build up a picture of the event and, together, provide a robust automated pattern-recognition solution. This paper describes details of the chain of over one hundred Pandora algorithms and tools used to reconstruct cosmic-ray muon and neutrino events in the MicroBooNE detector. Metrics that assess the current pattern-recognition performance are presented for simulated MicroBooNE events, using a selection of final-state event topologies.},
  langid = {english},
  file = {/Users/msotgia/Zotero/storage/BQUB3CU6/Acciarri et al. - 2018 - The Pandora multi-algorithm approach to automated pattern recognition of cosmic-ray muon and neutrin.pdf}
}

@misc{acciarriProposalThreeDetector2015,
  title = {A {{Proposal}} for a {{Three Detector Short-Baseline Neutrino Oscillation Program}} in the {{Fermilab Booster Neutrino Beam}}},
  author = {Acciarri, R. and Adams, C. and An, R. and Andreopoulos, C. and Ankowski, A. M. and Antonello, M. and Asaadi, J. and Badgett, W. and Bagby, L. and Baibussinov, B. and Baller, B. and Barr, G. and Barros, N. and Bass, M. and Bellini, V. and Benetti, P. and Bertolucci, S. and Biery, K. and Bilokon, H. and Bishai, M. and Bitadze, A. and Blake, A. and Boffelli, F. and Bolton, T. and Bonesini, M. and Bremer, J. and Brice, S. J. and Bromberg, C. and Bugel, L. and Calligarich, E. and Camilleri, L. and Caratelli, D. and Carls, B. and Cavanna, F. and Centro, S. and Chen, H. and Chi, C. and Church, E. and Cianci, D. and Cocco, A. G. and Collin, G. H. and Conrad, J. M. and Convery, M. and Geronimo, G. De and Dermenev, A. and Dharmapalan, R. and Dixon, S. and Djurcic, Z. and Dytmam, S. and Eberly, B. and Ereditato, A. and Esquivel, J. and Evans, J. and Falcone, A. and Farnese, C. and Fava, A. and Ferrari, A. and Fleming, B. T. and Foreman, W. M. and Freestone, J. and Gamble, T. and Garvey, G. and Genty, V. and Geynisman, M. and Gibin, D. and Gninenko, S. and G{\"o}ldi, D. and Gollapinni, S. and Golubev, N. and Graham, M. and Gramellini, E. and Greenlee, H. and Grosso, R. and Guenette, R. and Guglielmi, A. and Hackenburg, A. and H{\"a}nni, R. and Hen, O. and Hewes, V. and Ho, J. and {Horton-Smith}, G. and Howell, J. and Ivashkin, A. and James, C. and Jen, C. M. and Johnson, R. A. and Jones, B. J. P. and Joshi, J. and Jostlein, H. and Kaleko, D. and Kalousis, L. N. and Karagiorgi, G. and Ketchum, W. and Kirby, B. and Kirby, M. and Kirsanov, M. and Kisiel, J. and Klein, J. and Klinger, J. and Kobilarcik, T. and Kose, U. and Kreslo, I. and Kudryavtsev, V. A. and Li, Y. and Littlejohn, B. and Lissauer, D. and Livesly, P. and Lockwitz, S. and Louis, W. C. and L{\"u}thi, M. and Lundberg, B. and Mammoliti, F. and Mannocchi, G. and Marchionni, A. and Mariani, C. and Marshall, J. and Mavrokoridis, K. and McCauley, N. and McConkey, N. and McDonald, K. and Meddage, V. and Menegolli, A. and Meng, G. and Mercer, I. and Miao, T. and Miceli, T. and Mills, G. B. and Mladenov, D. and Montanari, C. and Montanari, D. and Moon, J. and Mooney, M. and Moore, C. and Moss, Z. and Moulai, M. H. and Mufson, S. and Murrells, R. and Naples, D. and Nessi, M. and Nicoletto, M. and Nienaber, P. and Norris, B. and Noto, F. and Nowak, J. and Pal, S. and Palamara, O. and Paolone, V. and Papavassiliou, V. and Pate, S. and Pater, J. and Pavlovic, Z. and Perkin, J. and Picchi, P. and Pietropaolo, F. and P{\l}o{\'n}ski, P. and Pordes, S. and Potenza, R. and Pulliam, G. and Qian, X. and Qiuguang, L. and Raaf, J. L. and Radeka, V. and Rameika, R. and Rappoldi, A. and Raselli, G. L. and Ratoff, P. N. and Rebel, B. and Richardson, M. and Rochester, L. and Rossella, M. and Rubbia, C. and von Rohr, C. Rudolf and Russell, B. and Sala, P. and Scaramelli, A. and Schmitz, D. W. and Schukraft, A. and Seligman, W. and Shaevitz, M. H. and Sippach, B. and Snider, E. and Sobczyk, J. and Soderberg, M. and {S{\"o}ldner-Rembold}, S. and Spanu, M. and Spitz, J. and Spooner, N. and Stefan, D. and John, J. St and Strauss, T. and Sulej, R. and Sutera, C. M. and Szelc, A. M. and Tagg, N. and Taylor, C. E. and Terao, K. and Thiesse, M. and Thompson, L. and Thomson, M. and Thorn, C. and Torti, M. and Tortorici, F. and Toups, M. and Touramanis, C. and Tsai, Y. and Usher, T. and de Water, R. Van and Varanini, F. and Ventura, S. and Vignoli, C. and Wachala, T. and Weber, M. and Whittington, D. and Wilson, P. and Wolbers, S. and Wongjirad, T. and Woodruff, K. and Xu, M. and Yang, T. and Yu, B. and Zani, A. and Zeller, G. P. and Zennamo, J. and Zhang, C.},
  year = {2015},
  month = mar,
  number = {arXiv:1503.01520},
  eprint = {1503.01520},
  primaryclass = {physics},
  publisher = {arXiv},
  doi = {10.48550/arXiv.1503.01520},
  urldate = {2025-04-15},
  abstract = {A Short-Baseline Neutrino (SBN) physics program of three LAr-TPC detectors located along the Booster Neutrino Beam (BNB) at Fermilab is presented. This new SBN Program will deliver a rich and compelling physics opportunity, including the ability to resolve a class of experimental anomalies in neutrino physics and to perform the most sensitive search to date for sterile neutrinos at the eV mass-scale through both appearance and disappearance oscillation channels. Using data sets of 6.6e20 protons on target (P.O.T.) in the LAr1-ND and ICARUS T600 detectors plus 13.2e20 P.O.T. in the MicroBooNE detector, we estimate that a search for muon neutrino to electron neutrino appearance can be performed with {\textasciitilde}5 sigma sensitivity for the LSND allowed (99\% C.L.) parameter region. In this proposal for the SBN Program, we describe the physics analysis, the conceptual design of the LAr1-ND detector, the design and refurbishment of the T600 detector, the necessary infrastructure required to execute the program, and a possible reconfiguration of the BNB target and horn system to improve its performance for oscillation searches.},
  archiveprefix = {arXiv},
  keywords = {High Energy Physics - Experiment,Physics - Instrumentation and Detectors},
  file = {/Users/msotgia/Zotero/storage/7LVZC7EE/Acciarri et al. - 2015 - A Proposal for a Three Detector Short-Baseline Neutrino Oscillation Program in the Fermilab Booster.pdf;/Users/msotgia/Zotero/storage/B8UD253W/1503.html}
}

@article{aceroWhitePaperLight2024,
  title = {White {{Paper}} on {{Light Sterile Neutrino Searches}} and {{Related Phenomenology}}},
  author = {Acero, M. A. and Arg{\"u}elles, C. A. and Hostert, M. and Kalra, D. and Karagiorgi, G. and Kelly, K. J. and Littlejohn, B. and Machado, P. and Pettus, W. and Toups, M. and {Ross-Lonergan}, M. and Sousa, A. and Surukuchi, P. T. and Wong, Y. Y. Y. and Abdallah, W. and Abdullahi, A. M. and Akutsu, R. and {Alvarez-Ruso}, L. and Alves, D. S. M. and Aurisano, A. and Balantekin, A. B. and Berryman, J. M. and {Bert{\'o}lez-Mart{\'i}nez}, T. and Brunner, J. and Blennow, M. and Bolognesi, S. and Borusinski, M. and Cianci, D. and Collin, G. and Conrad, J. M. and Crow, B. and Denton, P. B. and Duvall, M. and {Fern{\'a}ndez-Martinez}, E. and Fong, C. S. and Foppiani, N. and Forero, D. V. and Friend, M. and {Garc{\'i}a-Soto}, A. and Giganti, C. and Giunti, C. and Gandhi, R. and Ghosh, M. and Hardin, J. and Heeger, K. M. and Ishitsuka, M. and Izmaylov, A. and Jones, B. J. P. and Jordan, J. R. and Kamp, N. W. and Katori, T. and Kim, S. B. and Koerner, L. W. and Lamoureux, M. and Lasserre, T. and Leach, K. G. and Learned, J. and Li, Y. F. and Link, J. M. and Louis, W. C. and Mahn, K. and Meyers, P. D. and Maricic, J. and Marko, D. and Maruyama, T. and Mertens, S. and Minakata, H. and Mocioiu, I. and Mooney, M. and Moulai, M. H. and Nunokawa, H. and {Ochoa-Ricoux}, J. P. and Oh, Y. M. and Ohlsson, T. and P{\"a}s, H. and Pershey, D. and Robertson, R. G. H. and {Rosauro-Alcaraz}, S. and Rott, C. and Roy, S. and Salvado, J. and Scott, M. and Seo, S. H. and Shaevitz, M. H. and Smiley, M. and Spitz, J. and Stachurska, J. and Thakore, T. and Ternes, C. A. and Thompson, A. and Tseng, S. and Vogelaar, B. and Weiss, T. and Wendell, R. A. and Wright, T. and Xin, Z. and Yang, B. S. and Yoo, J. and Zennamo, J. and Zettlemoyer, J. and Zornoza, J. D. and Ahmad, S. and {Basto-Gonzalez}, V. S. and Bowden, N. S. and Ca{\~n}as, B. C. and Caratelli, D. and Chang, C. V. and Chen, C. and Classen, T. and Convery, M. and Davies, G. S. and Dennis, S. R. and Djurcic, Z. and Dorrill, R. and Du, Y. and Evans, J. J. and Fahrendholz, U. and Formaggio, J. A. and Foust, B. T. and Gatti, H. Frandini and {Garcia-Gamez}, D. and Gariazzo, S. and Gehrlein, J. and Grant, C. and Gomes, R. A. and Hansell, A. B. and Halzen, F. and Ho, S. and Zink, J. Hoefken and Jones, R. S. and Kunkle, P. and Li, J.-Y. and Li, S. C. and Luo, X. and Malyshkin, Yu and Massaro, D. and Mastbaum, A. and Mohanta, R. and Mumm, H. P. and {Nebot-Guinot}, M. and Neilson, R. and Ni, K. and Nieves, J. and Gann, G. D. Orebi and Pandey, V. and Pascoli, S. and Qian, X. and Rajaoalisoa, M. and Roca, C. and Roskovec, B. and {Saul-Sala}, E. and Salda{\~n}a, L. and Scholberg, K. and Shakya, B. and Slocum, P. L. and Snider, E. L. and Steiger, H. Th J. and Steklain, A. F. and Stock, M. R. and Sutanto, F. and Takhistov, V. and Tsai, Y.-D. and Tsai, Y.-T. and {Venegas-Vargas}, D. and Wallbank, M. and Wang, E. and Weatherly, P. and Westerdale, S. and Worcester, E. and Wu, W. and Yang, G. and Zamorano, B.},
  year = {2024},
  month = dec,
  journal = {Journal of Physics G: Nuclear and Particle Physics},
  volume = {51},
  number = {12},
  eprint = {2203.07323},
  primaryclass = {hep-ex},
  pages = {120501},
  issn = {0954-3899, 1361-6471},
  doi = {10.1088/1361-6471/ad307f},
  urldate = {2025-03-05},
  abstract = {This white paper provides a comprehensive review of our present understanding of experimental neutrino anomalies that remain unresolved, charting the progress achieved over the last decade at the experimental and phenomenological level, and sets the stage for future programmatic prospects in addressing those anomalies. It is purposed to serve as a guiding and motivational "encyclopedic" reference, with emphasis on needs and options for future exploration that may lead to the ultimate resolution of the anomalies. We see the main experimental, analysis, and theory-driven thrusts that will be essential to achieving this goal being: 1) Cover all anomaly sectors -- given the unresolved nature of all four canonical anomalies, it is imperative to support all pillars of a diverse experimental portfolio, source, reactor, decay-at-rest, decay-in-flight, and other methods/sources, to provide complementary probes of and increased precision for new physics explanations; 2) Pursue diverse signatures -- it is imperative that experiments make design and analysis choices that maximize sensitivity to as broad an array of these potential new physics signatures as possible; 3) Deepen theoretical engagement -- priority in the theory community should be placed on development of standard and beyond standard models relevant to all four short-baseline anomalies and the development of tools for efficient tests of these models with existing and future experimental datasets; 4) Openly share data -- Fluid communication between the experimental and theory communities will be required, which implies that both experimental data releases and theoretical calculations should be publicly available; and 5) Apply robust analysis techniques -- Appropriate statistical treatment is crucial to assess the compatibility of data sets within the context of any given model.},
  archiveprefix = {arXiv},
  keywords = {Astrophysics - Cosmology and Nongalactic Astrophysics,High Energy Physics - Experiment,High Energy Physics - Phenomenology,Physics - Instrumentation and Detectors},
  file = {/Users/msotgia/Zotero/storage/MAZDBQ2Z/Acero et al. - 2024 - White Paper on Light Sterile Neutrino Searches and Related Phenomenology.pdf;/Users/msotgia/Zotero/storage/UJEKVTTB/2203.html}
}

@article{adamsonSearchSterileNeutrinos2019,
  title = {Search for Sterile Neutrinos in {{MINOS}} and {{MINOS}}+ Using a Two-Detector Fit},
  author = {Adamson, P. and Anghel, I. and Aurisano, A. and Barr, G. and Bishai, M. and Blake, A. and Bock, G. J. and Bogert, D. and Cao, S. V. and Carroll, T. J. and Castromonte, C. M. and Chen, R. and Childress, S. and Coelho, J. A. B. and Corwin, L. and {Cronin-Hennessy}, D. and de Jong, J. K. and Rijck, S. De and Devan, A. V. and Devenish, N. E. and Diwan, M. V. and Escobar, C. O. and Evans, J. J. and Falk, E. and Feldman, G. J. and Flanagan, W. and Frohne, M. V. and Gabrielyan, M. and Gallagher, H. R. and Germani, S. and Gomes, R. A. and Goodman, M. C. and Gouffon, P. and Graf, N. and Gran, R. and Grzelak, K. and Habig, A. and Hahn, S. R. and Hartnell, J. and Hatcher, R. and Holin, A. and Huang, J. and Hylen, J. and Irwin, G. M. and Isvan, Z. and James, C. and Jensen, D. and Kafka, T. and Kasahara, S. M. S. and Koerner, L. W. and Koizumi, G. and Kordosky, M. and Kreymer, A. and Lang, K. and Ling, J. and Litchfield, P. J. and Lucas, P. and Mann, W. A. and Marshak, M. L. and Mayer, N. and McGivern, C. and Medeiros, M. M. and Mehdiyev, R. and Meier, J. R. and Messier, M. D. and Miller, W. H. and Mishra, S. R. and Sher, S. Moed and Moore, C. D. and Mualem, L. and Musser, J. and Naples, D. and Nelson, J. K. and Newman, H. B. and Nichol, R. J. and Nowak, J. A. and O'Connor, J. and Orchanian, M. and Pahlka, R. B. and Paley, J. and Patterson, R. B. and Pawloski, G. and Perch, A. and Pf{\"u}tzner, M. M. and Phan, D. D. and {Phan-Budd}, S. and Plunkett, R. K. and Poonthottathil, N. and Qiu, X. and Radovic, A. and Rebel, B. and Rosenfeld, C. and Rubin, H. A. and Sail, P. and Sanchez, M. C. and Schneps, J. and Schreckenberger, A. and Schreiner, P. and Sharma, R. and Sousa, A. and Tagg, N. and Talaga, R. L. and Thomas, J. and Thomson, M. A. and Tian, X. and Timmons, A. and Todd, J. and Tognini, S. C. and Toner, R. and Torretta, D. and Tzanakos, G. and Urheim, J. and Vahle, P. and Viren, B. and Weber, A. and Webb, R. C. and White, C. and Whitehead, L. H. and Wojcicki, S. G. and Zwaska, R.},
  year = {2019},
  month = mar,
  journal = {Physical Review Letters},
  volume = {122},
  number = {9},
  eprint = {1710.06488},
  primaryclass = {hep-ex},
  pages = {091803},
  issn = {0031-9007, 1079-7114},
  doi = {10.1103/PhysRevLett.122.091803},
  urldate = {2025-02-19},
  abstract = {A search for mixing between active neutrinos and light sterile neutrinos has been performed by looking for muon neutrino disappearance in two detectors at baselines of 1.04 km and 735 km, using a combined MINOS and MINOS+ exposure of \$16.36{\textbackslash}times10{\textasciicircum}\{20\}\$ protons-on-target. A simultaneous fit to the charged-current muon neutrino and neutral-current neutrino energy spectra in the two detectors yields no evidence for sterile neutrino mixing using a 3+1 model. The most stringent limit to date is set on the mixing parameter \${\textbackslash}sin{\textasciicircum}2{\textbackslash}theta\_\{24\}\$ for most values of the sterile neutrino mass-splitting \${\textbackslash}Delta m{\textasciicircum}2\_\{41\} {$>$} 10{\textasciicircum}\{-4\}\$ eV\${\textasciicircum}2\$.},
  archiveprefix = {arXiv},
  keywords = {High Energy Physics - Experiment},
  file = {/Users/msotgia/Zotero/storage/3GN2MXJN/Adamson et al. - 2019 - Search for sterile neutrinos in MINOS and MINOS+ using a two-detector fit.pdf;/Users/msotgia/Zotero/storage/9N6TUMF3/1710.html}
}

@inproceedings{aguilar-arevaloCombinedNu_muRightarrow2012,
  title = {A {{Combined}} {\textbackslash}nu\_{\textbackslash}mu {\textbackslash}rightarrow {\textbackslash}nu\_e and {\textbackslash}bar {\textbackslash}nu\_{\textbackslash}mu {\textbackslash}rightarrow {\textbackslash}bar {\textbackslash}nu\_e {{Oscillation Analysis}} of the {{MiniBooNE Excesses}}},
  author = {{Aguilar-Arevalo}, A. A. and others},
  year = {2012},
  month = jul,
  keywords = {antineutrino: oscillation,antineutrino/e: particle identification,BETA,experimental results,neutrino: mass difference,neutrino: oscillation,neutrino/e: particle identification,neutrino/mu: secondary beam}
}

@article{ahmadMeasurementRateNu_e+d2001,
  title = {Measurement of the Rate of {\textbackslash}nu\_e+d {\textbackslash}to P+p+e{\textasciicircum}- Interactions Produced by {$^{8}$}{{B}} Solar Neutrinos at the {{Sudbury Neutrino Observatory}}},
  author = {Ahmad, Q. R. and others},
  year = {2001},
  journal = {Phys. Rev. Lett.},
  volume = {87},
  pages = {071301},
  doi = {10.1103/PhysRevLett.87.071301},
  keywords = {BETA,charged current,model: solar,neutrino deuteron: interaction,neutrino electron: elastic scattering,neutrino: flux,neutrino: solar,neutrino/e,neutrino/mu,neutrino/tau,SNO},
  file = {/Users/msotgia/Zotero/storage/UPZTA7EY/Ahmad and others - 2001 - Measurement of the rate of nu_e+d to p+p+e^- interactions produced by ⁸B solar neutrinos at the Su.pdf}
}

@article{andersonCloudChamberObservations1936,
  title = {Cloud {{Chamber Observations}} of {{Cosmic Rays}} at 4300 {{Meters Elevation}} and {{Near Sea-Level}}},
  author = {Anderson, Carl D. and Neddermeyer, Seth H.},
  year = {1936},
  month = aug,
  journal = {Physical Review},
  volume = {50},
  number = {4},
  pages = {263--271},
  publisher = {American Physical Society},
  doi = {10.1103/PhysRev.50.263},
  urldate = {2025-06-04},
  abstract = {Cloud chamber photographs at 4300 meters elevation show positive and negative electron tracks similar to those observed at sea-level, but positive-negative electron showers occur more frequently and, in general, consist of more numerous tracks. Showers of 2-4 tracks, 5-10 tracks, and 11-100 tracks occur respectively, 8.6, 21 and 29 times as frequently per unit time at 4300 meters as they do near sea-level. Further measurements on the energy loss in lead of electrons up to 400 MEV, are given. They show that in this range of energies the energy loss in lead is roughly proportional to the incident energy. About one percent of the exposures on Pike's Peak reveal the presence of strongly ionizing particles which in most cases seem to be protons. The proportion of such tracks is considerably greater than at Pasadena. These heavy tracks in general bear only little relation in direction to that of the incoming beam, and usually arise from a type of nuclear disintegration not heretofore observed. The energies of these heavily ionizing particles may rise to values so high as 150 MEV, thus indicating that the source of the particle energies is in the cosmic rays.},
  file = {/Users/msotgia/Zotero/storage/JGAWE8HZ/Anderson and Neddermeyer - 1936 - Cloud Chamber Observations of Cosmic Rays at 4300 Meters Elevation and Near Sea-Level.pdf;/Users/msotgia/Zotero/storage/33D6U6XD/PhysRev.50.html}
}

@article{antonelloPrecise3DTrack2013,
  title = {Precise {{3D}} Track Reconstruction Algorithm for the {{ICARUS T600}} Liquid Argon Time Projection Chamber Detector},
  author = {Antonello, M. and others},
  year = {2013},
  journal = {Adv. High Energy Phys.},
  volume = {2013},
  pages = {260820},
  doi = {10.1155/2013/260820},
  keywords = {BETA,Data processing,dimension: 3,ICARUS,Liquid argon,neutrino: beam,spatial resolution,time projection chamber: liquid argon,Time projection chambers,track data analysis,Track reconstruction},
  file = {/Users/msotgia/Zotero/storage/ZCXT7UWY/Antonello and others - 2013 - Precise 3D track reconstruction algorithm for the ICARUS T600 liquid argon time projection chamber d.pdf}
}

@phdthesis{arteroponsStudyReconstruction$nu_mutextCC,
  title = {Study of the Reconstruction of \${\textbackslash}nu\_{\textbackslash}mu{\textbackslash}text\{\vphantom\}{{CC QE}}\vphantom\{\}\$ Events from  the {{Booster Neutrino Beam}} with the {{ICARUS}} Detector},
  author = {Artero Pons, Maria and Gibin, Daniele and Monaco, Giulio},
  file = {/Users/msotgia/Zotero/storage/AVG6ALW2/tesi_Maria_ArteroPons.pdf}
}

@article{bagbyOverhaulInstallationICARUST6002021,
  title = {Overhaul and Installation of the {{ICARUS-T600}} Liquid Argon {{TPC}} Electronics for the {{FNAL Short Baseline Neutrino}} Program},
  author = {Bagby, L. and Baibussinov, B. and Behera, B. and Bellini, V. and Benocci, R. and Betancourt, M. and Bettini, M. and Bonesini, M. and Boone, T. and Braggiotti, A. and Brown, J. D. and Budd, H. and Calaon, F. and Castellani, L. and Centro, S. and Cocco, A. G. and Convery, M. and Fabris, F. and Falcone, A. and Farnese, C. and Fava, A. and Fichera, F. and Giarin, M. and Gibin, D. and Guglielmi, A. and Guida, R. and Hilgenberg, C. and Howard, B. and Ketchum, W. and Marchini, S. and Menegolli, A. and Meng, G. and Montanari, C. and Mooney, M. and Granados, G. Moreno and Mueller, J. and Nessi, M. and Nicoletto, M. and Pedrotta, R. and Peghin, R. and Petrillo, G. and Pietropaolo, F. and Rampazzo, G. and Rappoldi, A. and Raselli, G.L. and Rossella, M. and Rubbia, C. and Scaramelli, A. and Sergiampietri, F. and Spanu, M. and Torretta, D. and Torti, M. and Tortorici, F. and Tsai, Y. T. and Turcato, M. and Varanini, F. and Ventura, S. and Vercellati, F. and Vignoli, C. and Warner, D. and Wilson, R.J. and Worcester, M. and Zani, A. and Zatti, P.G.},
  year = {2021},
  month = jan,
  journal = {Journal of Instrumentation},
  volume = {16},
  number = {01},
  pages = {P01037},
  issn = {1748-0221},
  doi = {10.1088/1748-0221/16/01/P01037},
  urldate = {2025-04-13},
  abstract = {The ICARUS T600 liquid argon (LAr) time projection chamber (TPC) underwent a major overhaul at CERN in 2016--2017 to prepare for the operation at FNAL in the Short Baseline Neutrino (SBN) program. This included a major upgrade of the photo-multiplier system and of the TPC wire read-out electronics. The full TPC wire read-out electronics together with the new wire biasing and interconnection scheme are described. The design of a new signal feed-through flange is also a fundamental piece of this overhaul whose major feature is the integration of all electronics components onto the signal flange. Initial functionality tests of the full TPC electronics chain installed in the T600 detector at FNAL are also described.},
  langid = {english},
  file = {/Users/msotgia/Zotero/storage/UMZDWWYH/Bagby et al. - 2021 - Overhaul and installation of the ICARUS-T600 liquid argon TPC electronics for the FNAL Short Baselin.pdf}
}

@article{bagbyOverhaulInstallationICARUST6002021a,
  title = {Overhaul and {{Installation}} of the {{ICARUS-T600 Liquid Argon TPC Electronics}} for the {{FNAL Short Baseline Neutrino Program}}},
  author = {Bagby, L. and Baibussinov, B. and Behera, B. and Bellini, V. and Benocci, R. and Betancourt, M. and Bettini, M. and Bonesini, M. and Boone, T. and Braggiotti, A. and Brown, J. D. and Budd, H. and Calaon, F. and Castellani, L. and Centro, S. and Cocco, A. G. and Convery, M. and Fabris, F. and Falcone, A. and Farnese, C. and Fava, A. and Fichera, F. and Giarin, M. and Gibin, D. and Guglielmi, A. and Guida, R. and Hilgenberg, C. and Howard, B. and Ketchum, W. and Marchini, S. and Menegolli, A. and Meng, G. and Montanari, C. and Mooney, M. and Granados, G. Moreno and Mueller, J. and Nessi, M. and Nicoletto, M. and Pedrotta, R. and Peghin, R. and Petrillo, G. and Pietropaolo, F. and Rampazzo, G. and Rappoldi, A. and Raselli, G. L. and Rossella, M. and Rubbia, C. and Scaramelli, A. and Sergiampietri, F. and Spanu, M. and Torretta, D. and Torti, M. and Tortorici, F. and Tsai, Y. T. and Turcato, M. and Varanini, F. and Ventura, S. and Vercellati, F. and Vignoli, C. and Warner, D. and Wilson, R. J. and Worcester, M. and Zani, A. and Zatti, P. G.},
  year = {2021},
  month = jan,
  journal = {Journal of Instrumentation},
  volume = {16},
  number = {01},
  eprint = {2010.02042},
  primaryclass = {physics},
  pages = {P01037-P01037},
  issn = {1748-0221},
  doi = {10.1088/1748-0221/16/01/P01037},
  urldate = {2025-04-13},
  abstract = {The ICARUS T600 liquid argon (LAr) time projection chamber (TPC) underwent a major overhaul at CERN in 2016-2017 to prepare for the operation at FNAL in the Short Baseline Neutrino (SBN) program. This included a major upgrade of the photo-multiplier system and of the TPC wire read-out electronics. The full TPC wire read-out electronics together with the new wire biasing and interconnection scheme are described. The design of a new signal feed-through flange is also a fundamental piece of this overhaul whose major feature is the integration of all electronics components onto the signal flange. Initial functionality tests of the full TPC electronics chain installed in the T600 detector at FNAL are also described.},
  archiveprefix = {arXiv},
  keywords = {High Energy Physics - Experiment,Physics - Instrumentation and Detectors},
  file = {/Users/msotgia/Zotero/storage/CL87V576/Bagby et al. - 2021 - Overhaul and Installation of the ICARUS-T600 Liquid Argon TPC Electronics for the FNAL Short Baselin.pdf;/Users/msotgia/Zotero/storage/UUJPFN6M/2010.html}
}

@misc{campaniICARUSGeometryViewsUnpublished,
  type = {Internal},
  title = {{{ICARUS}} Geometry and Views: Checking the Code in Detail},
  author = {Campani, Alice},
  year = {Unpublished}
}

@article{chadwickIntensityDistributionMagnetic1914,
  title = {The Intensity Distribution in the Magnetic Spectrum of {$\beta$} Particles from Radium ({{B}} + {{C}})},
  author = {Chadwick, J.},
  year = {1914},
  journal = {Verh. Phys. Gesell.},
  volume = {16},
  pages = {383--391},
  keywords = {BETA}
}

@article{cianciProspectsLightSterile2017,
  title = {Prospects of {{Light Sterile Neutrino Oscillation}} and {{CP Violation Searches}} at the {{Fermilab Short Baseline Neutrino Facility}}},
  author = {Cianci, Davio and Furmanski, Andy and Karagiorgi, Georgia and {Ross-Lonergan}, Mark},
  year = {2017},
  month = sep,
  journal = {Physical Review D},
  volume = {96},
  number = {5},
  eprint = {1702.01758},
  primaryclass = {hep-ph},
  pages = {055001},
  issn = {2470-0010, 2470-0029},
  doi = {10.1103/PhysRevD.96.055001},
  urldate = {2025-04-16},
  abstract = {We investigate the ability of the Short Baseline Neutrino (SBN) experimental program at Fermilab to test the globally-allowed (3+\$N\$) sterile neutrino oscillation parameter space. We explicitly consider the globally-allowed parameter space for the (3+1), (3+2), and (3+3) sterile neutrino oscillation scenarios. We find that SBN can probe with \$5{\textbackslash}sigma\$ sensitivity more than 85{\textbackslash}\%, 95{\textbackslash}\% and 55{\textbackslash}\% of the parameter space currently allowed at 99{\textbackslash}\% confidence level for the (3+1), (3+2) and (3+3) scenarios, respectively. In the case of the (3+2) and (3+3) scenarios, CP-violating phases appear in the oscillation probability terms, leading to observable differences in the appearance probabilities of neutrinos and antineutrinos. We explore SBN's sensitivity to those phases for the (3+2) scenario through the currently planned neutrino beam running, and investigate potential improvements through additional antineutrino beam running. We show that, if antineutrino exposure is considered, for maximal values of the (3+2) CP-violating phase \${\textbackslash}phi\_\{54\}\$, SBN could be the first experiment to directly observe \${\textbackslash}sim 2{\textbackslash}sigma\$ hints of CP violation associated with an extended lepton sector.},
  archiveprefix = {arXiv},
  keywords = {High Energy Physics - Phenomenology},
  file = {/Users/msotgia/Zotero/storage/NNQ6G3LM/Cianci et al. - 2017 - Prospects of Light Sterile Neutrino Oscillation and CP Violation Searches at the Fermilab Short Base.pdf;/Users/msotgia/Zotero/storage/LDUE447H/1702.html}
}

@article{cochran$chi^2$TestGoodness1952,
  title = {The \${\textbackslash}chi{\textasciicircum}2\$ {{Test}} of {{Goodness}} of {{Fit}}},
  author = {Cochran, William G.},
  year = {1952},
  month = sep,
  journal = {The Annals of Mathematical Statistics},
  volume = {23},
  number = {3},
  pages = {315--345},
  publisher = {Institute of Mathematical Statistics},
  issn = {0003-4851, 2168-8990},
  doi = {10.1214/aoms/1177729380},
  urldate = {2025-03-01},
  abstract = {This paper contains an expository discussion of the chi square test of goodness of fit, intended for the student and user of statistical theory rather than for the expert. Part I describes the historical development of the distribution theory on which the test rests. Research bearing on the practical application of the test--in particular on the minimum expected number per class and the construction of classes--is discussed in Part II. Some varied opinions about the extent to which the test actually is useful to the scientist are presented in Part III. Part IV outlines a number of tests that have been proposed as substitutes for the chi square test (the \${\textbackslash}omega{\textasciicircum}2\$ test, the smooth test, the likelihood ratio test) and Part V a number of supplementary tests (the run test, tests based on low moments, subdivision of chi square into components).},
  file = {/Users/msotgia/Zotero/storage/PDMRTRKF/Cochran - 1952 - The $chi^2$ Test of Goodness of Fit.pdf}
}

@article{collaborationDesignConstructionMicroBooNE2017,
  title = {Design and {{Construction}} of the {{MicroBooNE Detector}}},
  author = {Collaboration, MicroBooNE and Acciarri, R. and Adams, C. and An, R. and Aparicio, A. and Aponte, S. and Asaadi, J. and Auger, M. and Ayoub, N. and Bagby, L. and Baller, B. and Barger, R. and Barr, G. and Bass, M. and Bay, F. and Biery, K. and Bishai, M. and Blake, A. and Bocean, V. and Boehnlein, D. and Bogert, V. D. and Bolton, T. and Bugel, L. and Callahan, C. and Camilleri, L. and Caratelli, D. and Carls, B. and Fernandez, R. Castillo and Cavanna, F. and Chappa, S. and Chen, H. and Chen, K. and Chi, C. Y. and Chiu, C. S. and Church, E. and Cianci, D. and Collin, G. H. and Conrad, J. M. and Convery, M. and Cornele, J. and Cowan, P. and {Crespo-Anadon}, J. I. and Crutcher, G. and Darve, C. and Davis, R. and Tutto, M. Del and Devitt, D. and Duffin, S. and Dytman, S. and Eberly, B. and Ereditato, A. and Erickson, D. and Sanchez, L. Escudero and Esquivel, J. and Farooq, S. and Farrell, J. and Featherston, D. and Fleming, B. T. and Foreman, W. and Furmanski, A. P. and Genty, V. and Geynisman, M. and Goeldi, D. and Goff, B. and Gollapinni, S. and Graf, N. and Gramellini, E. and Green, J. and Greene, A. and Greenlee, H. and Griffin, T. and Grosso, R. and Guenette, R. and Hackenburg, A. and Haenni, R. and Hamilton, P. and Healey, P. and Hen, O. and Henderson, E. and Hewes, V. and Hill, C. and Hill, K. and Himes, L. and Ho, J. and {Horton-Smith}, G. and Huffman, D. and Ignarra, C. M. and James, C. and James, E. and de Vries, J. Jan and Jaskierny, W. and Jen, C. M. and Jiang, L. and Johnson, B. and Johnson, M. and Johnson, R. A. and Jones, B. J. P. and Joshi, J. and Jostlein, H. and Kaleko, D. and Kalousis, L. N. and Karagiorgi, G. and Katori, T. and Kellogg, P. and Ketchum, W. and Kilmer, J. and King, B. and Kirby, B. and Kirby, M. and Klein, E. and Kobilarcik, T. and Kreslo, I. and Krull, R. and Kubinski, R. and Lange, G. and Lanni, F. and Lathrop, A. and Laube, A. and Lee, W. M. and Li, Y. and Lissauer, D. and Lister, A. and Littlejohn, B. R. and Lockwitz, S. and Lorca, D. and Louis, W. C. and Lukhanin, G. and Luethi, M. and Lundberg, B. and Luo, X. and Mahler, G. and Majoros, I. and Makowiecki, D. and Marchionni, A. and Mariani, C. and Markley, D. and Marshall, J. and Caicedo, D. A. Martinez and McDonald, K. T. and McKee, D. and McLean, A. and Mead, J. and Meddage, V. and Miceli, T. and Mills, G. B. and Miner, W. and Moon, J. and Mooney, M. and Moore, C. D. and Moss, Z. and Mousseau, J. and Murrells, R. and Naples, D. and Nienaber, P. and Norris, B. and Norton, N. and Nowak, J. and OBoyle, M. and Olszanowski, T. and Palamara, O. and Paolone, V. and Papavassiliou, V. and Pate, S. F. and Pavlovic, Z. and Pelkey, R. and Phipps, M. and Pordes, S. and Porzio, D. and Pulliam, G. and Qian, X. and Raaf, J. L. and Radeka, V. and Rafique, A. and Rameika, R. A. and Rebel, B. and Rechenmacher, R. and Rescia, S. and Rochester, L. and von Rohr, C. Rudolf and Ruga, A. and Russell, B. and Sanders, R. and III, W. R. Sands and Sarychev, M. and Schmitz, D. W. and Schukraft, A. and Scott, R. and Seligman, W. and Shaevitz, M. H. and Shoun, M. and Sinclair, J. and Sippach, W. and Smidt, T. and Smith, A. and Snider, E. L. and Soderberg, M. and {Solano-Gonzalez}, M. and {Soldner-Rembold}, S. and Soleti, S. R. and Sondericker, J. and Spentzouris, P. and Spitz, J. and John, J. St and Strauss, T. and Sutton, K. and Szelc, A. M. and Taheri, K. and Tagg, N. and Tatum, K. and Teng, J. and Terao, K. and Thomson, M. and Thorn, C. and Tillman, J. and Toups, M. and Tsai, Y. T. and Tufanli, S. and Usher, T. and Utes, M. and de Water, R. G. Van and Vendetta, C. and Vergani, S. and Voirin, E. and Voirin, J. and Viren, B. and Watkins, P. and Weber, M. and Wester, T. and Weston, J. and Wickremasinghe, D. A. and Wolbers, S. and Wongjirad, T. and Woodruff, K. and Wu, K. C. and Yang, T. and Yu, B. and Zeller, G. P. and Zennamo, J. and Zhang, C. and Zuckerbrot, M.},
  year = {2017},
  month = feb,
  journal = {Journal of Instrumentation},
  volume = {12},
  number = {02},
  eprint = {1612.05824},
  primaryclass = {physics},
  pages = {P02017-P02017},
  issn = {1748-0221},
  doi = {10.1088/1748-0221/12/02/P02017},
  urldate = {2025-04-13},
  abstract = {This paper describes the design and construction of the MicroBooNE liquid argon time projection chamber and associated systems. MicroBooNE is the first phase of the Short Baseline Neutrino program, located at Fermilab, and will utilize the capabilities of liquid argon detectors to examine a rich assortment of physics topics. In this document details of design specifications, assembly procedures, and acceptance tests are reported.},
  archiveprefix = {arXiv},
  keywords = {High Energy Physics - Experiment,Physics - Instrumentation and Detectors},
  file = {/Users/msotgia/Zotero/storage/V2RQPH3Q/Collaboration et al. - 2017 - Design and Construction of the MicroBooNE Detector.pdf;/Users/msotgia/Zotero/storage/NULPAMLX/1612.html}
}

@misc{collaborationICARUSFermilabShortBaseline2023,
  title = {{{ICARUS}} at the {{Fermilab Short-Baseline Neutrino Program}} -- {{Initial Operation}}},
  author = {Collaboration, {\relax ICARUS}},
  year = {2023},
  month = jan,
  number = {arXiv:2301.08634},
  eprint = {2301.08634},
  primaryclass = {hep-ex},
  publisher = {arXiv},
  doi = {10.48550/arXiv.2301.08634},
  urldate = {2025-04-13},
  abstract = {The ICARUS collaboration employed the 760-ton T600 detector in a successful three-year physics run at the underground LNGS laboratory studying neutrino oscillations with the CERN Neutrino to Gran Sasso beam (CNGS) and searching for atmospheric neutrino interactions. ICARUS performed a sensitive search for LSND-like anomalous \${\textbackslash}nu\_e\$ appearance in the CNGS beam, which contributed to the constraints on the allowed parameters to a narrow region around 1 eV\${\textasciicircum}2\$, where all the experimental results can be coherently accommodated at 90\% C.L.. After a significant overhaul at CERN, the T600 detector has been installed at Fermilab. In 2020, cryogenic commissioning began with detector cool down, liquid argon filling and recirculation. ICARUS has started operations and successfully completed its commissioning phase, collecting the first neutrino events from the Booster Neutrino Beam (BNB) and the Neutrinos at the Main Injector (NuMI) beam off-axis, which were used to test the ICARUS event selection, reconstruction and analysis algorithms. The first goal of the ICARUS data taking will then be a study to either confirm or refute the claim by Neutrino-4 short baseline reactor experiment both in the \${\textbackslash}nu\_{\textbackslash}mu\$ channel with the BNB and in the \${\textbackslash}nu\_e\$ with NuMI. ICARUS will also address other fundamental studies such as neutrino cross sections with the NuMI beam and a number of Beyond Standard Model searches. After the first year of operations, ICARUS will commence its search for evidence of a sterile neutrino jointly with the Short Baseline Near Detector, within the Short-Baseline Neutrino program.},
  archiveprefix = {arXiv},
  keywords = {High Energy Physics - Experiment,Physics - Instrumentation and Detectors},
  file = {/Users/msotgia/Zotero/storage/QP6XZS6M/Collaboration - 2023 - ICARUS at the Fermilab Short-Baseline Neutrino Program -- Initial Operation.pdf;/Users/msotgia/Zotero/storage/GWAKGP3B/2301.html}
}

@article{cowanDetectionFreeNeutrino1956,
  title = {Detection of the {{Free Neutrino}}: A {{Confirmation}}},
  shorttitle = {Detection of the {{Free Neutrino}}},
  author = {Cowan, C. L. and Reines, F. and Harrison, F. B. and Kruse, H. W. and McGuire, A. D.},
  year = {1956},
  month = jul,
  journal = {Science},
  volume = {124},
  number = {3212},
  pages = {103--104},
  publisher = {American Association for the Advancement of Science},
  doi = {10.1126/science.124.3212.103},
  urldate = {2025-05-05}
}

@article{danbyObservationHighEnergyNeutrino1962,
  title = {Observation of {{High-Energy Neutrino Reactions}} and the {{Existence}} of {{Two Kinds}} of {{Neutrinos}}},
  author = {Danby, G. and Gaillard, J-M. and Goulianos, K. and Lederman, L. M. and Mistry, N. and Schwartz, M. and Steinberger, J.},
  year = {1962},
  month = jul,
  journal = {Physical Review Letters},
  volume = {9},
  number = {1},
  pages = {36--44},
  publisher = {American Physical Society},
  doi = {10.1103/PhysRevLett.9.36},
  urldate = {2025-06-04}
}

@article{desalas2020GlobalReassessment2021,
  title = {2020 Global Reassessment of the Neutrino Oscillation Picture},
  author = {{de Salas}, P. F. and Forero, D. V. and Gariazzo, S. and {Mart{\textbackslash}'{\i}nez-Mirav{\'e}}, P. and Mena, O. and Ternes, C. A. and T{\'o}rtola, M. and Valle, J. W. F.},
  year = {2021},
  journal = {JHEP},
  volume = {02},
  pages = {071},
  doi = {10.1007/JHEP02(2021)071},
  keywords = {Beyond Standard Model,double-beta decay: (0neutrino),Neutrino Physics,neutrino: atmosphere,neutrino: mass,neutrino: mass: hierarchy,neutrino: mixing,neutrino: mixing angle,neutrino: oscillation,neutrino: solar},
  file = {/Users/msotgia/Zotero/storage/8BAPTY5N/de Salas et al. - 2021 - 2020 global reassessment of the neutrino oscillation picture.pdf}
}

@article{desalasNeutrinoMassOrdering2018,
  title = {Neutrino {{Mass Ordering}} from {{Oscillations}} and {{Beyond}}: 2018 {{Status}} and {{Future Prospects}}},
  shorttitle = {Neutrino {{Mass Ordering}} from {{Oscillations}} and {{Beyond}}},
  author = {De Salas, P. F. and Gariazzo, S. and Mena, O. and Ternes, C. A. and T{\'o}rtola, M.},
  year = {2018},
  journal = {Front. Astron. Space Sci.},
  volume = {5},
  pages = {36},
  doi = {10.3389/fspas.2018.00036},
  keywords = {Cosmic microwave "Background (CMB),Large scale structure formation,Neutrino mass ordering,neutrino masses and flavor mixing,neutrino oscillations,neutrino: beam,neutrino: mass,neutrino: mass: hierarchy,neutrino: oscillation,Neutrinoless double beta (0) decay},
  file = {/Users/msotgia/Zotero/storage/VBAWYYNK/De Salas et al. - 2018 - Neutrino Mass Ordering from Oscillations and Beyond 2018 Status and Future Prospects.pdf}
}

@article{fermiAttemptTheoryBeta1934,
  title = {An Attempt of a Theory of Beta Radiation. 1.},
  author = {Fermi, E.},
  year = {1934},
  journal = {Z. Phys.},
  volume = {88},
  pages = {161--177},
  doi = {10.1007/BF01351864},
  keywords = {BETA}
}

@article{fermiTentativoDiTeoria1934,
  title = {{Tentativo di una Teoria Dei Raggi {$\beta$}}},
  author = {Fermi, Enrico},
  year = {1934},
  month = jan,
  journal = {Il Nuovo Cimento (1924-1942)},
  volume = {11},
  number = {1},
  pages = {1--19},
  issn = {1827-6121},
  doi = {10.1007/BF02959820},
  urldate = {2025-05-05},
  abstract = {Si propone una teoria quantitativa dell'emissione dei raggi {\textbackslash} in cui si ammette l'esistenza del << neutrino >> e si tratta l'emissione degli elettroni e dei neutrini da un nucleo all'alto della disintegrazione {$\beta$} con un procedimento simile a quello seguito nella teoria dell' irradiazione per descrivere l'emissione di un quanto di luce da un atomo eccitato. Vengono dedotte delle formule per la vita media e per la forma dello spettro continuo dei raggi {$\beta$}, e le si confrontano coi dati sperimentali.},
  langid = {italian},
  file = {/Users/msotgia/Zotero/storage/ME67IZMH/Fermi - 1934 - Tentativo di una Teoria Dei Raggi β.pdf}
}

@article{fermiVersuchTheorieVStrahlen1934,
  title = {{Versuch einer Theorie der {$\beta$}-Strahlen. I}},
  author = {Fermi, E.},
  year = {1934},
  month = mar,
  journal = {Zeitschrift f{\"u}r Physik},
  volume = {88},
  number = {3},
  pages = {161--177},
  issn = {0044-3328},
  doi = {10.1007/BF01351864},
  urldate = {2025-05-05},
  abstract = {Eine quantitative Theorie des {$\beta$}-Zerfalls wird vorgeschlagen, in welcher man die Existenz des Neutrinos annimmt, und die Emission der Elektronen und Neutrinos aus einem Kern beim {$\beta$}-Zerfall mit einer {\"a}hnlichen Methode behandelt, wie die Emission eines Lichtquants aus einem angeregten Atom in der Strahlungstheorie. Formeln f{\"u}r die Lebensdauer und f{\"u}r die Form des emittierten kontinuierlichen {$\beta$}- Strahlenspektrums werden abgeleitet und mit der Erfahrung verglichen.},
  langid = {ngerman},
  file = {/Users/msotgia/Zotero/storage/49DP6DWL/Fermi - 1934 - Versuch einer Theorie der β-Strahlen. I.pdf}
}

@article{fukudaEvidenceOscillationAtmospheric1998,
  title = {Evidence for Oscillation of Atmospheric Neutrinos},
  author = {Fukuda, Y. and others},
  year = {1998},
  journal = {Phys. Rev. Lett.},
  volume = {81},
  pages = {1562--1567},
  doi = {10.1103/PhysRevLett.81.1562},
  keywords = {BETA,charged current,flux: ratio,neutrino nucleon: interaction,neutrino: cosmic radiation,neutrino: mass difference,neutrino: oscillation,neutrino/e: flux,neutrino/mu: flux,neutrino/tau,yield: (muon electron)},
  file = {/Users/msotgia/Zotero/storage/KYXBYA2X/Fukuda and others - 1998 - Evidence for oscillation of atmospheric neutrinos.pdf}
}

@article{furmanskiNeutrinoEnergyReconstruction2017,
  title = {Neutrino Energy Reconstruction from One-Muon and One-Proton Events},
  author = {Furmanski, Andrew P. and Sobczyk, Jan T.},
  year = {2017},
  month = jun,
  journal = {Physical Review C},
  volume = {95},
  number = {6},
  pages = {065501},
  publisher = {American Physical Society},
  doi = {10.1103/PhysRevC.95.065501},
  urldate = {2025-02-23},
  abstract = {We propose a method of selecting a high-purity sample of charged current quasielastic neutrino interactions to obtain a precise reconstruction of the neutrino energy. The performance of the method was verified with several tests using genie, neut, and nuwro Monte Carlo event generators with both carbon and argon targets. The method can be useful in neutrino oscillation studies with beams of a few GeV.},
  file = {/Users/msotgia/Zotero/storage/GI82UKFR/Furmanski and Sobczyk - 2017 - Neutrino energy reconstruction from one-muon and one-proton events.pdf;/Users/msotgia/Zotero/storage/V6ZAMI3H/PhysRevC.95.html}
}

@article{lsndcollaborationEvidenceNeutrinoOscillations2001,
  title = {Evidence for Neutrino Oscillations from the Observation of \$\{{\textbackslash}overline\{{\textbackslash}ensuremath\{{\textbackslash}nu\}\}\}\_\{e\}\$ Appearance in a \$\{{\textbackslash}overline\{{\textbackslash}ensuremath\{{\textbackslash}nu\}\}\}\_\{{\textbackslash}ensuremath\{{\textbackslash}mu\}\}\$ Beam},
  author = {{LSND Collaboration} and Aguilar, A. and Auerbach, L. B. and Burman, R. L. and Caldwell, D. O. and Church, E. D. and Cochran, A. K. and Donahue, J. B. and Fazely, A. and Garvey, G. T. and Gunasingha, R. M. and Imlay, R. and Louis, W. C. and Majkic, R. and Malik, A. and Metcalf, W. and Mills, G. B. and Sandberg, V. and Smith, D. and Stancu, I. and Sung, M. and Tayloe, R. and VanDalen, G. J. and Vernon, W. and Wadia, N. and White, D. H. and Yellin, S.},
  year = {2001},
  month = nov,
  journal = {Physical Review D},
  volume = {64},
  number = {11},
  pages = {112007},
  publisher = {American Physical Society},
  doi = {10.1103/PhysRevD.64.112007},
  urldate = {2025-05-09},
  abstract = {A search for {\textasciimacron}{$\nu\mu$} {$\rightarrow$}{\textasciimacron}{$\nue$} oscillations was conducted by the Liquid Scintillator Neutrino Detector at the Los Alamos Neutron Science Center using {\textasciimacron}{$\nu\mu$} from {$\mu$}+ decay at rest. A total excess of 87.9 {\textpm}22.4 {\textpm}6.0 events consistent with {\textasciimacron}{$\nue$}⁢{$\rightarrowp$}⁢{$e$}+⁢{$n$} scattering was observed above the expected background. This excess corresponds to an oscillation probability of (0.264 {\textpm}0.067 {\textpm}0.0⁢4⁢5)\%, which is consistent with an earlier analysis. In conjunction with other known limits on neutrino oscillations, the LSND data suggest that neutrino oscillations occur in the 0.2--10 eV2⁢/{$c$}4 {$\Delta$}⁢{$m$}2 range, indicating a neutrino mass greater than 0.4 eV⁢/{$c$}2.},
  file = {/Users/msotgia/Zotero/storage/642ZXVX5/LSND Collaboration et al. - 2001 - Evidence for neutrino oscillations from the observation of $ overline ensuremath nu _ e $ appea.pdf;/Users/msotgia/Zotero/storage/V5FGIEJV/PhysRevD.64.html}
}

@article{machadoShortBaselineNeutrinoProgram2019,
  title = {The {{Short-Baseline Neutrino Program}} at {{Fermilab}}},
  author = {Machado, Pedro A. N. and Palamara, Ornella and Schmitz, David W.},
  year = {2019},
  month = oct,
  journal = {Annual Review of Nuclear and Particle Science},
  volume = {69},
  number = {1},
  eprint = {1903.04608},
  primaryclass = {hep-ex},
  pages = {363--387},
  issn = {0163-8998, 1545-4134},
  doi = {10.1146/annurev-nucl-101917-020949},
  urldate = {2025-04-15},
  abstract = {The Short-Baseline Neutrino, or SBN, program consists of three liquid argon time projection chamber detectors located along the Booster Neutrino Beam at the Fermi National Accelerator Laboratory. Its main goals include searches for new physics - particularly eV-scale sterile neutrinos, detailed studies of neutrino-nucleus interactions at the GeV energy scale, and the advancement of the liquid argon detector technology that will also be used in the DUNE/LBNF long-baseline neutrino experiment in the next decade. Here we review these science goals and the current experimental status of SBN.},
  archiveprefix = {arXiv},
  keywords = {High Energy Physics - Experiment,High Energy Physics - Phenomenology},
  file = {/Users/msotgia/Zotero/storage/97X2MNAA/Machado et al. - 2019 - The Short-Baseline Neutrino Program at Fermilab.pdf;/Users/msotgia/Zotero/storage/Q4AV38U3/1903.html}
}

@article{marshallPandoraSoftwareDevelopment2015,
  title = {The {{Pandora}} Software Development Kit for Pattern Recognition},
  author = {Marshall, J. S. and Thomson, M. A.},
  year = {2015},
  month = sep,
  journal = {The European Physical Journal C},
  volume = {75},
  number = {9},
  pages = {439},
  issn = {1434-6052},
  doi = {10.1140/epjc/s10052-015-3659-3},
  urldate = {2025-02-24},
  abstract = {The development of automated solutions to pattern recognition problems is important in many areas of scientific research and human endeavour. This paper describes the implementation of the Pandora software development kit, which aids the process of designing, implementing and running pattern recognition algorithms. The Pandora Application Programming Interfaces ensure simple specification of the building-blocks defining a pattern recognition problem. The logic required to solve the problem is implemented in algorithms. The algorithms request operations to create or modify data structures and the operations are performed by the Pandora framework. This design promotes an approach using many decoupled algorithms, each addressing specific topologies. Details of algorithms addressing two pattern recognition problems in High Energy Physics are presented: reconstruction of events at a high-energy \$\$e{\textasciicircum}\{+\}e{\textasciicircum}\{-\}\$\$linear collider and reconstruction of cosmic ray or neutrino events in a liquid argon time projection chamber.},
  langid = {english},
  keywords = {Client Application,Cluster Candidate,International Linear Collider,Pattern Recognition Algorithm,Pattern Recognition Problem},
  file = {/Users/msotgia/Zotero/storage/Y4W7I28F/Marshall and Thomson - 2015 - The Pandora software development kit for pattern recognition.pdf}
}

@article{marshallPerformanceParticleFlow2013,
  title = {Performance of {{Particle Flow Calorimetry}} at {{CLIC}}},
  author = {Marshall, J. S. and M{\"u}nnich, A. and Thomson, M. A.},
  year = {2013},
  month = feb,
  journal = {Nuclear Instruments and Methods in Physics Research Section A: Accelerators, Spectrometers, Detectors and Associated Equipment},
  volume = {700},
  eprint = {1209.4039},
  primaryclass = {physics},
  pages = {153--162},
  issn = {01689002},
  doi = {10.1016/j.nima.2012.10.038},
  urldate = {2025-04-15},
  abstract = {The particle flow approach to calorimetry can provide unprecedented jet energy resolution at a future high energy collider, such as the International Linear Collider (ILC). However, the use of particle flow calorimetry at the proposed multi-TeV Compact Linear Collider (CLIC) poses a number of significant new challenges. At higher jet energies, detector occupancies increase, and it becomes increasingly difficult to resolve energy deposits from individual particles. The experimental conditions at CLIC are also significantly more challenging than those at previous electron-positron colliders, with increased levels of beam-induced backgrounds combined with a bunch spacing of only 0.5 ns. This paper describes the modifications made to the PandoraPFA particle flow algorithm to improve the jet energy reconstruction for jet energies above 250 GeV. It then introduces a combination of timing and p\_T cuts that can be applied to reconstructed particles in order to significantly reduce the background. A systematic study is performed to understand the dependence of the jet energy resolution on the jet energy and angle, and the physics performance is assessed via a study of the energy and mass resolution of W and Z particles in the presence of background at CLIC. Finally, the missing transverse momentum resolution is presented, and the fake missing momentum is quantified. The results presented in this paper demonstrate that high granularity particle flow calorimetry leads to a robust and high resolution reconstruction of jet energies and di-jet masses at CLIC.},
  archiveprefix = {arXiv},
  keywords = {High Energy Physics - Experiment,Physics - Instrumentation and Detectors},
  file = {/Users/msotgia/Zotero/storage/GB4225HJ/Marshall et al. - 2013 - Performance of Particle Flow Calorimetry at CLIC.pdf;/Users/msotgia/Zotero/storage/L5BMVMCX/1209.html}
}

@article{menaUnifiedGraphicalSummary2004,
  title = {Unified Graphical Summary of Neutrino Mixing Parameters},
  author = {Mena, Olga and Parke, Stephen J.},
  year = {2004},
  journal = {Phys. Rev. D},
  volume = {69},
  pages = {117301},
  doi = {10.1103/PhysRevD.69.117301},
  keywords = {14.60.Pq,BETA,CP: violation,neutrino: cosmic radiation,neutrino: mass,neutrino: mass difference,neutrino: mixing angle,neutrino: oscillation,neutrino: solar,numerical calculations},
  file = {/Users/msotgia/Zotero/storage/UQ25RMQ4/Mena and Parke - 2004 - Unified graphical summary of neutrino mixing parameters.pdf}
}

@misc{minakataEVscaleSterileNeutrino2025,
  title = {{{eV-scale}} Sterile Neutrino: {{A}} Window Open to Non-Unitarity?},
  shorttitle = {{{eV-scale}} Sterile Neutrino},
  author = {Minakata, Hisakazu},
  year = {2025},
  month = mar,
  number = {arXiv:2503.09280},
  eprint = {2503.09280},
  primaryclass = {hep-ph},
  publisher = {arXiv},
  doi = {10.48550/arXiv.2503.09280},
  urldate = {2025-03-13},
  abstract = {An excess observed in the accelerator neutrino experiments in the \${\textbackslash}nu\_\{{\textbackslash}mu\} {\textbackslash}rightarrow {\textbackslash}nu\_\{e\}\$ channel at high confidence level (CL) has been interpreted as due to eV-scale sterile neutrino(s). But, it has been suffered from the problem of ``appearance - disappearance tension'' at the similarly high CL because the measurements of the \${\textbackslash}nu\_\{{\textbackslash}mu\} {\textbackslash}rightarrow {\textbackslash}nu\_\{{\textbackslash}mu\}\$ channel do not observe the expected event number depletion corresponding to the sterile contribution in the appearance channel. We suggest non-unitarity as a simple and natural way of resolving the tension, which leads us to construct the non-unitary \$(3+1)\$ model. With reasonable estimation of the parameters governing non-unitarity, we perform an illustrative analysis to know if the tension is resolved in this model. At the best fit of the appearance signature we have found the unique solution with \${\textbackslash}sin{\textasciicircum}2 2{\textbackslash}theta\_\{14\} {\textbackslash}approx 0.3\$, which is consistent with the (reactors + Ga) data combined fit. Unexpectedly, our tension-easing mechanism bridges between the two high CL signatures, the BEST and LSND-MiniBooNE anomalies.},
  archiveprefix = {arXiv},
  keywords = {High Energy Physics - Experiment,High Energy Physics - Phenomenology},
  file = {/Users/msotgia/Zotero/storage/C3BRP4UI/Minakata - 2025 - eV-scale sterile neutrino A window open to non-unitarity.pdf;/Users/msotgia/Zotero/storage/UHAE5975/2503.html}
}

@article{navasReviewParticlePhysics2024,
  title = {Review of {{Particle Physics}}},
  author = {Navas, S. and Amsler, C. and Gutsche, T. and Hanhart, C. and {Hern{\'a}ndez-Rey}, J. J. and Louren{\c c}o, C. and Masoni, A. and Mikhasenko, M. and Mitchell, R. E. and Patrignani, C. and Schwanda, C. and Spanier, S. and Venanzoni, G. and Yuan, C. Z. and Agashe, K. and Aielli, G. and Allanach, B. C. and {Alvarez-Mu{\~n}iz}, J. and Antonelli, M. and Aschenauer, E. C. and Asner, D. M. and Assamagan, K. and Baer, H. and Banerjee, {\relax Sw}. and Barnett, R. M. and Baudis, L. and Bauer, C. W. and Beatty, J. J. and Beringer, J. and Bettini, A. and Biebel, O. and Black, K. M. and Blucher, E. and Bonventre, R. and Briere, R. A. and Buckley, A. and Burkert, V. D. and Bychkov, M. A. and Cahn, R. N. and Cao, Z. and Carena, M. and Casarosa, G. and Ceccucci, A. and Cerri, A. and Chivukula, R. S. and Cowan, G. and Cranmer, K. and Crede, V. and Cremonesi, O. and D'Ambrosio, G. and Damour, T. and {de Florian}, D. and {de Gouv{\^e}a}, A. and DeGrand, T. and Demers, S. and Demiragli, Z. and Dobrescu, B. A. and D'Onofrio, M. and Doser, M. and Dreiner, H. K. and Eerola, P. and Egede, U. and Eidelman, S. and {El-Khadra}, A. X. and Ellis, J. and Eno, S. C. and Erler, J. and Ezhela, V. V. and Fava, A. and Fetscher, W. and Fields, B. D. and Freitas, A. and Gallagher, H. and Gershon, T. and Gershtein, Y. and Gherghetta, T. and {Gonzalez-Garcia}, M. C. and Goodman, M. and Grab, C. and Gritsan, A. V. and Grojean, C. and Groom, D. E. and Gr{\"u}newald, M. and Gurtu, A. and Haber, H. E. and Hamel, M. and Hashimoto, S. and Hayato, Y. and Hebecker, A. and Heinemeyer, S. and Hikasa, K. and Hisano, J. and H{\"o}cker, A. and Holder, J. and Hsu, L. and Huston, J. and Hyodo, T. and Ianni, {\relax Al}. and Kado, M. and Karliner, M. and Katz, U. F. and Kenzie, M. and Khoze, V. A. and Klein, S. R. and Krauss, F. and Kreps, M. and Kri{\v z}an, P. and Krusche, B. and Kwon, Y. and Lahav, O. and Lellouch, L. P. and Lesgourgues, J. and Liddle, A. R. and Ligeti, Z. and Lin, C.-J. and Lippmann, C. and Liss, T. M. and Lister, A. and Littenberg, L. and Lugovsky, K. S. and Lugovsky, S. B. and Lusiani, A. and Makida, Y. and Maltoni, F. and Manohar, A. V. and Marciano, W. J. and Matthews, J. and Mei{\ss}ner, U.-G. and {Melzer-Pellmann}, I.-A. and Mertsch, P. and Miller, D. J. and Milstead, D. and M{\"o}nig, K. and Molaro, P. and Moortgat, F. and Moskovic, M. and Nagata, N. and Nakamura, K. and Narain, M. and Nason, P. and Nelles, A. and Neubert, M. and Nir, Y. and O'Connell, H. B. and O'Hare, C. A. J. and Olive, K. A. and Peacock, J. A. and Pianori, E. and Pich, A. and Piepke, A. and Pietropaolo, F. and Pomarol, A. and Pordes, S. and Profumo, S. and Quadt, A. and Rabbertz, K. and Rademacker, J. and Raffelt, G. and {Ramsey-Musolf}, M. and Richardson, P. and Ringwald, A. and Robinson, D. J. and Roesler, S. and Rolli, S. and Romaniouk, A. and Rosenberg, L. J and Rosner, J. L. and Rybka, G. and Ryskin, M. G. and Ryutin, R. A. and Safdi, B. and Sakai, Y. and Sarkar, S. and Sauli, F. and Schneider, O. and Sch{\"o}nert, S. and Scholberg, K. and Schwartz, A. J. and Schwiening, J. and Scott, D. and Sefkow, F. and Seljak, U. and Sharma, V. and Sharpe, S. R. and Shiltsev, V. and Signorelli, G. and Silari, M. and Simon, F. and Sj{\"o}strand, T. and Skands, P. and Skwarnicki, T. and Smoot, G. F. and Soffer, A. and Sozzi, M. S. and Spiering, C. and Stahl, A. and Sumino, Y. and Takahashi, F. and Tanabashi, M. and Tanaka, J. and Ta{\v s}evsk{\'y}, M. and Terao, K. and Terashi, K. and Terning, J. and Thoma, U. and Thorne, R. S. and Tiator, L. and Titov, M. and Tovey, D. R. and Trabelsi, K. and Urquijo, P. and Valencia, G. and {Van de Water}, R. and Varelas, N. and Verde, L. and Vivarelli, I. and Vogel, P. and Vogelsang, W. and Vorobyev, V. and Wakely, S. P. and Walkowiak, W. and Walter, C. W. and Wands, D. and Weinberg, D. H. and Weinberg, E. J. and Wermes, N. and White, M. and Wiencke, L. R. and Willocq, S. and Woody, C. L. and Workman, R. L. and Yao, W.-M. and Yokoyama, M. and Yoshida, R. and Zanderighi, G. and Zeller, G. P. and Zhu, R.-Y. and Zhu, S.-L. and Zimmermann, F. and Zyla, P. A. and {Particle Data Group Collaboration} and Anderson, J. and Kramer, M. and Schaffner, P. and Zheng, W.},
  year = {2024},
  month = aug,
  journal = {Physical Review D},
  volume = {110},
  number = {3},
  pages = {030001},
  publisher = {American Physical Society},
  doi = {10.1103/PhysRevD.110.030001},
  urldate = {2025-04-16},
  abstract = {The Review summarizes much of particle physics and cosmology. Using data from previous editions, plus 2,717 new measurements from 869 papers, we list, evaluate, and average measured properties of gauge bosons and the recently discovered Higgs boson, leptons, quarks, mesons, and baryons. We summarize searches for hypothetical particles such as supersymmetric particles, heavy bosons, axions, dark photons, etc. Particle properties and search limits are listed in Summary Tables. We give numerous tables, figures, formulae, and reviews of topics such as Higgs Boson Physics, Supersymmetry, Grand Unified Theories, Neutrino Mixing, Dark Energy, Dark Matter, Cosmology, Particle Detectors, Colliders, Probability and Statistics. Most of the 120 reviews are updated, including many that are heavily revised.},
  file = {/Users/msotgia/Zotero/storage/JCHVRMM9/Navas et al. - 2024 - Review of Particle Physics.pdf;/Users/msotgia/Zotero/storage/5CUHGQMS/PhysRevD.110.html}
}

@article{navasReviewParticlePhysics2024a,
  title = {Review of {{Particle Physics}}},
  author = {Navas, S. and Amsler, C. and Gutsche, T. and Hanhart, C. and {Hern{\'a}ndez-Rey}, J. J. and Louren{\c c}o, C. and Masoni, A. and Mikhasenko, M. and Mitchell, R. E. and Patrignani, C. and Schwanda, C. and Spanier, S. and Venanzoni, G. and Yuan, C. Z. and Agashe, K. and Aielli, G. and Allanach, B. C. and {Alvarez-Mu{\~n}iz}, J. and Antonelli, M. and Aschenauer, E. C. and Asner, D. M. and Assamagan, K. and Baer, H. and Banerjee, {\relax Sw}. and Barnett, R. M. and Baudis, L. and Bauer, C. W. and Beatty, J. J. and Beringer, J. and Bettini, A. and Biebel, O. and Black, K. M. and Blucher, E. and Bonventre, R. and Briere, R. A. and Buckley, A. and Burkert, V. D. and Bychkov, M. A. and Cahn, R. N. and Cao, Z. and Carena, M. and Casarosa, G. and Ceccucci, A. and Cerri, A. and Chivukula, R. S. and Cowan, G. and Cranmer, K. and Crede, V. and Cremonesi, O. and D'Ambrosio, G. and Damour, T. and {de Florian}, D. and {de Gouv{\^e}a}, A. and DeGrand, T. and Demers, S. and Demiragli, Z. and Dobrescu, B. A. and D'Onofrio, M. and Doser, M. and Dreiner, H. K. and Eerola, P. and Egede, U. and Eidelman, S. and {El-Khadra}, A. X. and Ellis, J. and Eno, S. C. and Erler, J. and Ezhela, V. V. and Fava, A. and Fetscher, W. and Fields, B. D. and Freitas, A. and Gallagher, H. and Gershon, T. and Gershtein, Y. and Gherghetta, T. and {Gonzalez-Garcia}, M. C. and Goodman, M. and Grab, C. and Gritsan, A. V. and Grojean, C. and Groom, D. E. and Gr{\"u}newald, M. and Gurtu, A. and Haber, H. E. and Hamel, M. and Hashimoto, S. and Hayato, Y. and Hebecker, A. and Heinemeyer, S. and Hikasa, K. and Hisano, J. and H{\"o}cker, A. and Holder, J. and Hsu, L. and Huston, J. and Hyodo, T. and Ianni, {\relax Al}. and Kado, M. and Karliner, M. and Katz, U. F. and Kenzie, M. and Khoze, V. A. and Klein, S. R. and Krauss, F. and Kreps, M. and Kri{\v z}an, P. and Krusche, B. and Kwon, Y. and Lahav, O. and Lellouch, L. P. and Lesgourgues, J. and Liddle, A. R. and Ligeti, Z. and Lin, C.-J. and Lippmann, C. and Liss, T. M. and Lister, A. and Littenberg, L. and Lugovsky, K. S. and Lugovsky, S. B. and Lusiani, A. and Makida, Y. and Maltoni, F. and Manohar, A. V. and Marciano, W. J. and Matthews, J. and Mei{\ss}ner, U.-G. and {Melzer-Pellmann}, I.-A. and Mertsch, P. and Miller, D. J. and Milstead, D. and M{\"o}nig, K. and Molaro, P. and Moortgat, F. and Moskovic, M. and Nagata, N. and Nakamura, K. and Narain, M. and Nason, P. and Nelles, A. and Neubert, M. and Nir, Y. and O'Connell, H. B. and O'Hare, C. A. J. and Olive, K. A. and Peacock, J. A. and Pianori, E. and Pich, A. and Piepke, A. and Pietropaolo, F. and Pomarol, A. and Pordes, S. and Profumo, S. and Quadt, A. and Rabbertz, K. and Rademacker, J. and Raffelt, G. and {Ramsey-Musolf}, M. and Richardson, P. and Ringwald, A. and Robinson, D. J. and Roesler, S. and Rolli, S. and Romaniouk, A. and Rosenberg, L. J and Rosner, J. L. and Rybka, G. and Ryskin, M. G. and Ryutin, R. A. and Safdi, B. and Sakai, Y. and Sarkar, S. and Sauli, F. and Schneider, O. and Sch{\"o}nert, S. and Scholberg, K. and Schwartz, A. J. and Schwiening, J. and Scott, D. and Sefkow, F. and Seljak, U. and Sharma, V. and Sharpe, S. R. and Shiltsev, V. and Signorelli, G. and Silari, M. and Simon, F. and Sj{\"o}strand, T. and Skands, P. and Skwarnicki, T. and Smoot, G. F. and Soffer, A. and Sozzi, M. S. and Spiering, C. and Stahl, A. and Sumino, Y. and Takahashi, F. and Tanabashi, M. and Tanaka, J. and Ta{\v s}evsk{\'y}, M. and Terao, K. and Terashi, K. and Terning, J. and Thoma, U. and Thorne, R. S. and Tiator, L. and Titov, M. and Tovey, D. R. and Trabelsi, K. and Urquijo, P. and Valencia, G. and {Van de Water}, R. and Varelas, N. and Verde, L. and Vivarelli, I. and Vogel, P. and Vogelsang, W. and Vorobyev, V. and Wakely, S. P. and Walkowiak, W. and Walter, C. W. and Wands, D. and Weinberg, D. H. and Weinberg, E. J. and Wermes, N. and White, M. and Wiencke, L. R. and Willocq, S. and Woody, C. L. and Workman, R. L. and Yao, W.-M. and Yokoyama, M. and Yoshida, R. and Zanderighi, G. and Zeller, G. P. and Zhu, R.-Y. and Zhu, S.-L. and Zimmermann, F. and Zyla, P. A. and {Particle Data Group Collaboration} and Anderson, J. and Kramer, M. and Schaffner, P. and Zheng, W.},
  year = {2024},
  month = aug,
  journal = {Physical Review D},
  volume = {110},
  number = {3},
  pages = {030001},
  publisher = {American Physical Society},
  doi = {10.1103/PhysRevD.110.030001},
  urldate = {2025-05-07},
  abstract = {The Review summarizes much of particle physics and cosmology. Using data from previous editions, plus 2,717 new measurements from 869 papers, we list, evaluate, and average measured properties of gauge bosons and the recently discovered Higgs boson, leptons, quarks, mesons, and baryons. We summarize searches for hypothetical particles such as supersymmetric particles, heavy bosons, axions, dark photons, etc. Particle properties and search limits are listed in Summary Tables. We give numerous tables, figures, formulae, and reviews of topics such as Higgs Boson Physics, Supersymmetry, Grand Unified Theories, Neutrino Mixing, Dark Energy, Dark Matter, Cosmology, Particle Detectors, Colliders, Probability and Statistics. Most of the 120 reviews are updated, including many that are heavily revised.},
  file = {/Users/msotgia/Zotero/storage/ALGWSFLU/Navas et al. - 2024 - Review of Particle Physics.pdf;/Users/msotgia/Zotero/storage/P9C8HZCL/PhysRevD.110.html}
}

@article{neddermeyerNoteNatureCosmicRay1937,
  title = {Note on the {{Nature}} of {{Cosmic-Ray Particles}}},
  author = {Neddermeyer, Seth H. and Anderson, Carl D.},
  year = {1937},
  month = may,
  journal = {Physical Review},
  volume = {51},
  number = {10},
  pages = {884--886},
  publisher = {American Physical Society},
  doi = {10.1103/PhysRev.51.884},
  urldate = {2025-06-04},
  file = {/Users/msotgia/Zotero/storage/BUYUX9BM/Neddermeyer and Anderson - 1937 - Note on the Nature of Cosmic-Ray Particles.pdf;/Users/msotgia/Zotero/storage/K8ENZIB6/PhysRev.51.html}
}

@article{pauliDearRadioactiveLadies1978,
  title = {Dear Radioactive Ladies and Gentlemen},
  author = {Pauli, W.},
  year = {1978},
  journal = {Phys. Today},
  volume = {31N9},
  pages = {27},
  keywords = {BETA}
}

@incollection{pontecorvoElectronMuonNeutrinos1991,
  title = {Electron and Muon Neutrinos},
  booktitle = {Neutrino Physics},
  author = {Pontecorvo, B.},
  year = {1991},
  pages = {46--54},
  urldate = {2025-06-04},
  abstract = {The aim of this paper is to emphasize the possibility of solving certain physical problems by studying effects due to free neutrinos not heretofore discussed. The corresponding experiments may turn out to be not feasible today; however, it seems to us that a discussion of them is no more premature that the discussion in its time of the antineutrino experiments from reactors. The question discussed is the possibility of deciding, in principle, whether the neutrino emitted in the {$\pi$} {$\rightarrow$} {$\mu$} decay {$\nu\mu$} and the neutrino emitted in {$\beta$} decay ({$\nu\mu$} are identical particles or not},
  langid = {english},
  file = {/Users/msotgia/Zotero/storage/J2ZRX9JN/gwcd4-7eb53.html}
}

@article{rubbiaLiquidArgonTime1977,
  title = {The {{Liquid Argon Time Projection Chamber}}: {{A New Concept}} for {{Neutrino Detectors}}},
  shorttitle = {The {{Liquid Argon Time Projection Chamber}}},
  author = {Rubbia, C.},
  year = {1977},
  month = may,
  keywords = {BETA},
  file = {/Users/msotgia/Zotero/storage/73FJHW9N/Rubbia - 1977 - The Liquid Argon Time Projection Chamber A New Concept for Neutrino Detectors.pdf}
}

@article{streetNewEvidenceExistence1937,
  title = {New {{Evidence}} for the {{Existence}} of a {{Particle}} of {{Mass Intermediate Between}} the {{Proton}} and {{Electron}}},
  author = {Street, J. C. and Stevenson, E. C.},
  year = {1937},
  month = nov,
  journal = {Physical Review},
  volume = {52},
  number = {9},
  pages = {1003--1004},
  publisher = {American Physical Society},
  doi = {10.1103/PhysRev.52.1003},
  urldate = {2025-06-04},
  file = {/Users/msotgia/Zotero/storage/6UIN9GR9/PhysRev.52.html}
}

@article{thomsonParticleFlowCalorimetry2009,
  title = {Particle {{Flow Calorimetry}} and the {{PandoraPFA Algorithm}}},
  author = {Thomson, M. A.},
  year = {2009},
  month = nov,
  journal = {Nuclear Instruments and Methods in Physics Research Section A: Accelerators, Spectrometers, Detectors and Associated Equipment},
  volume = {611},
  number = {1},
  eprint = {0907.3577},
  primaryclass = {physics},
  pages = {25--40},
  issn = {01689002},
  doi = {10.1016/j.nima.2009.09.009},
  urldate = {2025-04-15},
  abstract = {The Particle Flow (PFlow) approach to calorimetry promises to deliver unprecedented jet energy resolution for experiments at future high energy colliders such as the proposed International Linear Collider (ILC). This paper describes the PandoraPFA particle flow algorithm which is then used to perform the first systematic study of the potential of high granularity PFlow calorimetry. For simulated events in the ILD detector concept, a jet energy resolution of sigma\_E/E {$<$} 3.8 \% is achieved for 40-400 GeV jets. This result, which demonstrates that high granularity PFlow calorimetry can meet the challenging ILC jet energy resolution goals, does not depend strongly on the details of the Monte Carlo modelling of hadronic showers. The PandoraPFA algorithm is also used to investigate the general features of a collider detector optimised for high granularity PFlow calorimetry. Finally, a first study of the potential of high granularity PFlow calorimetry at a multi-TeV lepton collider, such as CLIC, is presented.},
  archiveprefix = {arXiv},
  keywords = {Physics - Instrumentation and Detectors},
  file = {/Users/msotgia/Zotero/storage/BM34NK6H/Thomson - 2009 - Particle Flow Calorimetry and the PandoraPFA Algorithm.pdf;/Users/msotgia/Zotero/storage/IY4BRAH4/0907.html}
}

@phdthesis{triozziStudyTriggerSystem,
  title = {Study of the Trigger System Performance of the {{ICARUS T600}} Detector at {{Fermilab}} Exposed to the {{Booster}} and {{NuMI Neutrino Beams}}},
  author = {Triozzi, Riccardo and Guglielmi, Dr Alberto and Gibin, Daniele},
  langid = {english},
  file = {/Users/msotgia/Zotero/storage/6QD873S9/Guglielmi et al. - STUDY OF THE TRIGGER SYSTEM PERFORMANCE OF THE ICARUS T600 DETECTOR AT FERMILAB EXPOSED TO THE BOOST.pdf}
}
