% Acero:2022wqg
@article{aceroWhitePaperLight2024,
  author        = {Acero, M. A. and others},
  title         = {{White paper on light sterile neutrino searches and related phenomenology}},
  eprint        = {2203.07323},
  archiveprefix = {arXiv},
  primaryclass  = {hep-ex},
  reportnumber  = {FERMILAB-PUB-22-318-ND-SCD-T},
  doi           = {10.1088/1361-6471/ad307f},
  journal       = {J. Phys. G},
  volume        = {51},
  number        = {12},
  pages         = {120501},
  year          = {2024}
}

% PhysRevD.64.112007
@article{aguilarEvidenceNeutrinoOscillations2001,
  title         = {Evidence for neutrino oscillations from the observation of ${\overline{\ensuremath{\nu}}}_{e}$ appearance in a ${\overline{\ensuremath{\nu}}}_{\ensuremath{\mu}}$ beam},
  author        = {Aguilar, A. and Auerbach, L. B. and Burman, R. L. and Caldwell, D. O. and Church, E. D. and Cochran, A. K. and Donahue, J. B. and Fazely, A. and Garvey, G. T. and Gunasingha, R. M. and Imlay, R. and Louis, W. C. and Majkic, R. and Malik, A. and Metcalf, W. and Mills, G. B. and Sandberg, V. and Smith, D. and Stancu, I. and Sung, M. and Tayloe, R. and VanDalen, G. J. and Vernon, W. and Wadia, N. and White, D. H. and Yellin, S.},
  collaboration = {LSND Collaboration},
  journal       = {Phys. Rev. D},
  volume        = {64},
  issue         = {11},
  pages         = {112007},
  numpages      = {22},
  year          = {2001},
  month         = {Nov},
  publisher     = {American Physical Society},
  doi           = {10.1103/PhysRevD.64.112007}
}
  url           = {https://link.aps.org/doi/10.1103/PhysRevD.64.112007}

% MiniBooNE:2012maf
@inproceedings{collaborationCombined$n_mtoN_e$2012,
  author        = {Aguilar-Arevalo, A. A. and others},
  collaboration = {MiniBooNE},
  title         = {{A Combined $\nu_\mu \rightarrow \nu_e$ and $\bar \nu_\mu \rightarrow \bar \nu_e$ Oscillation Analysis of the MiniBooNE Excesses}},
  eprint        = {1207.4809},
  archiveprefix = {arXiv},
  primaryclass  = {hep-ex},
  reportnumber  = {LA-UR-12-23041; Fermilab-PUB-12-394-AD-PPD, FERMILAB-PUB-12-394-AD-PPD, LA-UR-12-23041},
  month         = {7},
  year          = {2012}
}

% Mention:2011rk
@article{mentionReactorAntineutrinoAnomaly2011,
  author        = {Mention, G. and Fechner, M. and Lasserre, Th. and Mueller, Th. A. and Lhuillier, D. and Cribier, M. and Letourneau, A.},
  title         = {{The Reactor Antineutrino Anomaly}},
  eprint        = {1101.2755},
  archiveprefix = {arXiv},
  primaryclass  = {hep-ex},
  doi           = {10.1103/PhysRevD.83.073006},
  journal       = {Phys. Rev. D},
  volume        = {83},
  pages         = {073006},
  year          = {2011}
}

% Elliott:2023cvh
@article{elliottGalliumAnomaly2023,
  author        = {Elliott, Steven R. and Gavrin, Vladimir and Haxton, Wick},
  title         = {{The gallium anomaly}},
  eprint        = {2306.03299},
  archiveprefix = {arXiv},
  primaryclass  = {nucl-ex},
  doi           = {10.1016/j.ppnp.2023.104082},
  journal       = {Prog. Part. Nucl. Phys.},
  volume        = {134},
  pages         = {104082},
  year          = {2024}
}

% PhysRevD.65.112001
@article{collaborationUpperLimitsNeutrino2002,
  title         = {Upper limits for neutrino oscillations ${\overline{\ensuremath{\nu}}}_{\ensuremath{\mu}}\ensuremath{\rightarrow}{\overline{\ensuremath{\nu}}}_{e}$ from muon decay at rest},
  author        = {Armbruster, B. and Blair, I. M. and Bodmann, B. A. and Booth, N. E. and Drexlin, G. and Edgington, J. A. and Eichner, C. and Eitel, K. and Finckh, E. and Gemmeke, H. and H\"o\ss{}l, J. and Jannakos, T. and J\"unger, P. and Kleifges, M. and Kleinfeller, J. and Kretschmer, W. and Maschuw, R. and Oehler, C. and Plischke, P. and Reichenbacher, J. and Ruf, C. and Steidl, M. and Wolf, J. and Zeitnitz, B.},
  collaboration = {KARMEN},
  journal       = {Phys. Rev. D},
  volume        = {65},
  issue         = {11},
  pages         = {112001},
  numpages      = {16},
  year          = {2002},
  month         = {Jun},
  publisher     = {American Physical Society},
  doi           = {10.1103/PhysRevD.65.112001}
}
  url           = {https://link.aps.org/doi/10.1103/PhysRevD.65.112001}

@article{louisThousandEyesStory1997,
  title     = {A thousand eyes: The story of {LSND}},
  author    = {Louis, Boursin and Sandberg, V and White, H and Kestenbaum, D},
  journal   = {Los Alamos Science},
  number    = {25},
  pages     = {92--115},
  year      = {1997},
  publisher = {Los Alamos National Laboratory}
}

% MiniBooNE:2020pnu
@article{collaborationUpdatedMiniBooNENeutrino2021,
  author        = {Aguilar-Arevalo, A. A. and others},
  collaboration = {MiniBooNE},
  title         = {{Updated MiniBooNE neutrino oscillation results with increased data and new background studies}},
  eprint        = {2006.16883},
  archiveprefix = {arXiv},
  primaryclass  = {hep-ex},
  reportnumber  = {LA-UR-20-29235, LA-UR-20-24753, FERMILAB-PUB-20-288-AD-ND},
  doi           = {10.1103/PhysRevD.103.052002},
  journal       = {Phys. Rev. D},
  volume        = {103},
  number        = {5},
  pages         = {052002},
  year          = {2021}
}

% Giunti:2022btk
@article{giuntiGalliumAnomalyCritical2022,
  author        = {Giunti, C. and Li, Y. F. and Ternes, C. A. and Tyagi, O. and Xin, Z.},
  title         = {{Gallium Anomaly: critical view from the global picture of {\ensuremath{\nu}}$_{e}$ and $ {\overline{\nu}}_e $ disappearance}},
  eprint        = {2209.00916},
  archiveprefix = {arXiv},
  primaryclass  = {hep-ph},
  doi           = {10.1007/JHEP10(2022)164},
  journal       = {JHEP},
  volume        = {10},
  pages         = {164},
  year          = {2022}
}

% NOMAD:2003mqg
@article{collaborationSearchNumu>nueOscillations2003,
  author        = {Astier, P. and others},
  collaboration = {NOMAD},
  title         = {{Search for ${\ensuremath{\nu}}_{\ensuremath{\mu}}\ensuremath{\rightarrow}{\ensuremath{\nu}}_{e}$ oscillations in the NOMAD experiment}},
  eprint        = {hep-ex/0306037},
  archiveprefix = {arXiv},
  reportnumber  = {CERN-EP-2003-038},
  doi           = {10.1016/j.physletb.2003.07.029},
  journal       = {Phys. Lett. B},
  volume        = {570},
  pages         = {19--31},
  year          = {2003}
}

% PhysRevLett.128.241801
@article{collaborationSearchExcessElectron2022,
  title         = {Search for an Excess of Electron Neutrino Interactions in {MicroBooNE} Using Multiple Final-State Topologies},
  author        = {Abratenko, P. and An, R. and Anthony, J. and Arellano, L. and Asaadi, J. and Ashkenazi, A. and Balasubramanian, S. and Baller, B. and Barnes, C. and Barr, G. and Basque, V. and Bathe-Peters, L. and Benevides Rodrigues, O. and Berkman, S. and Bhanderi, A. and Bhat, A. and Bishai, M. and Blake, A. and Bolton, T. and Book, J. Y. and Camilleri, L. and Caratelli, D. and Caro Terrazas, I. and Cavanna, F. and Cerati, G. and Chen, Y. and Cianci, D. and Collin, G. H. and Conrad, J. M. and Convery, M. and Cooper-Troendle, L. and Crespo-Anad\'on, J. I. and Del Tutto, M. and Dennis, S. R. and Detje, P. and Devitt, A. and Diurba, R. and Dorrill, R. and Duffy, K. and Dytman, S. and Eberly, B. and Ereditato, A. and Escudero Sanchez, L. and Evans, J. J. and Fine, R. and Fiorentini Aguirre, G. A. and Fitzpatrick, R. S. and Fleming, B. T. and Foppiani, N. and Franco, D. and Furmanski, A. P. and Garcia-Gamez, D. and Gardiner, S. and Ge, G. and Genty, V. and Gollapinni, S. and Goodwin, O. and Gramellini, E. and Green, P. and Greenlee, H. and Gu, W. and Guenette, R. and Guzowski, P. and Hagaman, L. and Hen, O. and Hilgenberg, C. and Horton-Smith, G. A. and Hourlier, A. and Itay, R. and James, C. and Ji, X. and Jiang, L. and Jo, J. H. and Johnson, R. A. and Jwa, Y.-J. and Kaleko, D. and Kalra, D. and Kamp, N. and Kaneshige, N. and Karagiorgi, G. and Ketchum, W. and Kirby, M. and Kobilarcik, T. and Kreslo, I. and LaZur, R. and Lepetic, I. and Li, K. and Li, Y. and Lin, K. and Lister, A. and Littlejohn, B. R. and Louis, W. C. and Luo, X. and Manivannan, K. and Mariani, C. and Marsden, D. and Marshall, J. and Martinez Caicedo, D. A. and Mason, K. and Mastbaum, A. and McConkey, N. and Meddage, V. and Mettler, T. and Miller, K. and Mills, J. and Mistry, K. and Mogan, A. and Mohayai, T. and Moon, J. and Mooney, M. and Moor, A. F. and Moore, C. D. and Mora Lepin, L. and Mousseau, J. and Murphy, M. and Naples, D. and Navrer-Agasson, A. and Nebot-Guinot, M. and Neely, R. K. and Newmark, D. A. and Nowak, J. and Nunes, M. and Palamara, O. and Paolone, V. and Papadopoulou, A. and Papavassiliou, V. and Pate, S. F. and Patel, N. and Paudel, A. and Pavlovic, Z. and Piasetzky, E. and Ponce-Pinto, I. D. and Prince, S. and Qian, X. and Raaf, J. L. and Radeka, V. and Rafique, A. and Reggiani-Guzzo, M. and Ren, L. and Rice, L. C. J. and Rochester, L. and Rodriguez Rondon, J. and Rosenberg, M. and Ross-Lonergan, M. and Russell, B. and Scanavini, G. and Schmitz, D. W. and Schukraft, A. and Seligman, W. and Shaevitz, M. H. and Sharankova, R. and Shi, J. and Sinclair, J. and Smith, A. and Snider, E. L. and Soderberg, M. and S\"oldner-Rembold, S. and Soleti, S. R. and Spentzouris, P. and Spitz, J. and Stancari, M. and John, J. St. and Strauss, T. and Sutton, K. and Sword-Fehlberg, S. and Szelc, A. M. and Tang, W. and Terao, K. and Thomson, M. and Thorpe, C. and Totani, D. and Toups, M. and Tsai, Y.-T. and Uchida, M. A. and Usher, T. and Van De Pontseele, W. and Viren, B. and Weber, M. and Wei, H. and Williams, Z. and Wolbers, S. and Wongjirad, T. and Wospakrik, M. and Wresilo, K. and Wright, N. and Wu, W. and Yandel, E. and Yang, T. and Yarbrough, G. and Yates, L. E. and Yu, H. W. and Zeller, G. P. and Zennamo, J. and Zhang, C.},
  collaboration = {MicroBooNE},
  journal       = {Phys. Rev. Lett.},
  volume        = {128},
  issue         = {24},
  pages         = {241801},
  numpages      = {9},
  year          = {2022},
  month         = {Jun},
  publisher     = {American Physical Society},
  doi           = {10.1103/PhysRevLett.128.241801}
}
  url           = {https://link.aps.org/doi/10.1103/PhysRevLett.128.241801}

% PhysRevLett.128.241802
@article{arguellesMicroBooNE$n_e$Interpretation2022,
  title     = {{MicroBooNE and the ${\ensuremath{\nu}}_{e}$ Interpretation of the MiniBooNE Low-Energy Excess}},
  author    = {Arg\"uelles, C. A. and Esteban, I. and Hostert, M. and Kelly, K. J. and Kopp, J. and Machado, P. A. N. and Martinez-Soler, I. and Perez-Gonzalez, Y. F.},
  journal   = {Phys. Rev. Lett.},
  volume    = {128},
  issue     = {24},
  pages     = {241802},
  numpages  = {7},
  year      = {2022},
  month     = {Jun},
  publisher = {American Physical Society},
  doi       = {10.1103/PhysRevLett.128.241802}
}
  url       = {https://link.aps.org/doi/10.1103/PhysRevLett.128.241802}

% ICARUS:2013cwr
@article{antonelloSearchAnomaliesNeappearance2013,
  author        = {Antonello, M. and others},
  collaboration = {ICARUS},
  title         = {{Search for anomalies in the ${\nu}_e$ appearance from a ${\nu}_{\mu}$ beam}},
  eprint        = {1307.4699},
  archiveprefix = {arXiv},
  primaryclass  = {hep-ex},
  doi           = {10.1140/epjc/s10052-013-2599-z},
  journal       = {Eur. Phys. J. C},
  volume        = {73},
  pages         = {2599},
  year          = {2013}
}

% Antonello:2015jxa
@article{antonelloConclusiveConsiderationsComparison2015,
  author        = {Antonello, M. and others},
  title         = {{Some conclusive considerations on the comparison of the ICARUS $\nu_\mu \to \nu_e$ oscillation search with the MiniBooNE low-energy event excess}},
  eprint        = {1502.04833},
  archiveprefix = {arXiv},
  primaryclass  = {hep-ph},
  month         = {2},
  year          = {2015}
}

% OPERA:2013tlg
@article{agafonovaNewResultsNm2013,
  author        = {Agafonova, N. and others},
  collaboration = {OPERA},
  title         = {{New results on $\nu_\mu \to \nu_\tau$ appearance with the OPERA experiment in the CNGS beam}},
  eprint        = {1308.2553},
  archiveprefix = {arXiv},
  primaryclass  = {hep-ex},
  doi           = {10.1007/JHEP11(2013)036},
  journal       = {JHEP},
  volume        = {11},
  pages         = {036},
  year          = {2013},
  note          = {[Erratum: JHEP 04, 014 (2014)]}
}

% Declais:1994su
@article{declaisSearchNeutrinoOscillations1995,
  author       = {Declais, Y. and others},
  title        = {{Search for neutrino oscillations at 15-meters, 40-meters, and 95-meters from a nuclear power reactor at Bugey}},
  reportnumber = {LAPP-EXP-94-19, ISN-94-111, CPPM-94-03, DAPNIA-SPP-94-32},
  doi          = {10.1016/0550-3213(94)00513-E},
  journal      = {Nucl. Phys. B},
  volume       = {434},
  pages        = {503--534},
  year         = {1995}
}

% PhysRevLett.118.121802
@article{koSterileNeutrinoSearch2017,
  title         = {Sterile Neutrino Search at the {NEOS} Experiment},
  author        = {Ko, Y. J. and Kim, B. R. and Kim, J. Y. and Han, B. Y. and Jang, C. H. and Jeon, E. J. and Joo, K. K. and Kim, H. J. and Kim, H. S. and Kim, Y. D. and Lee, Jaison and Lee, J. Y. and Lee, M. H. and Oh, Y. M. and Park, H. K. and Park, H. S. and Park, K. S. and Seo, K. M. and Siyeon, Kim and Sun, G. M.},
  collaboration = {NEOS},
  journal       = {Phys. Rev. Lett.},
  volume        = {118},
  issue         = {12},
  pages         = {121802},
  numpages      = {6},
  year          = {2017},
  month         = {Mar},
  publisher     = {American Physical Society},
  doi           = {10.1103/PhysRevLett.118.121802}
}
  url           = {https://link.aps.org/doi/10.1103/PhysRevLett.118.121802}

% PROSPECT:2020sxr
@article{andriamiradoImprovedShortBaselineNeutrino2020,
  author        = {Andriamirado, M. and others},
  collaboration = {PROSPECT},
  title         = {{Improved short-baseline neutrino oscillation search and energy spectrum measurement with the PROSPECT experiment at HFIR}},
  eprint        = {2006.11210},
  archiveprefix = {arXiv},
  primaryclass  = {hep-ex},
  doi           = {10.1103/PhysRevD.103.032001},
  journal       = {Phys. Rev. D},
  volume        = {103},
  number        = {3},
  pages         = {032001},
  year          = {2021}
}

% STEREO:2022nzk
@article{almazanSTEREONeutrinoSpectrum2023,
  author        = {Almaz{\'a}n, H. and others},
  collaboration = {STEREO},
  title         = {{STEREO neutrino spectrum of $^{235}$U fission rejects sterile neutrino hypothesis}},
  eprint        = {2210.07664},
  archiveprefix = {arXiv},
  primaryclass  = {hep-ex},
  doi           = {10.1038/s41586-022-05568-2},
  journal       = {Nature},
  volume        = {613},
  number        = {7943},
  pages         = {257--261},
  year          = {2023}
}

% PhysRevD.105.L111101
@article{atifSearchSterileNeutrino2022,
  title         = {Search for sterile neutrino oscillations using {RENO} and {NEOS} data},
  author        = {Atif, Z. and Choi, J. H. and Han, B. Y. and Jang, C. H. and Jang, H. I. and Jang, J. S. and Jeon, E. J. and Jeon, S. H. and Joo, K. K. and Ju, K. and Jung, D. E. and Kim, B. R. and Kim, H. J. and Kim, H. S. and Kim, J. G. and Kim, J. H. and Kim, J. Y. and Kim, J. Y. and Kim, S. B. and Kim, S. Y. and Kim, W. and Kim, Y. D. and Ko, Y. J. and Kwon, E. and Lee, D. H. and Lee, H. G. and Lee, J. and Lee, J. Y. and Lee, M. H. and Lim, I. T. and Moon, D. H. and Oh, Y. M. and Pac, M. Y. and Park, H. K. and Park, H. S. and Park, J. S. and Park, K. S. and Park, R. G. and Seo, H. and Seo, J. W. and Seo, K. M. and Shin, C. D. and Siyeon, K. and Sun, G. M. and Yang, B. S. and Yeo, I. S. and Yoo, J. and Yoon, S. G. and Yu, I.},
  collaboration = {RENO and NEOS},
  journal       = {Phys. Rev. D},
  volume        = {105},
  issue         = {11},
  pages         = {L111101},
  numpages      = {6},
  year          = {2022},
  month         = {Jun},
  publisher     = {American Physical Society},
  doi           = {10.1103/PhysRevD.105.L111101}
}
  url           = {https://link.aps.org/doi/10.1103/PhysRevD.105.L111101}

@inproceedings{maltoniEVSterileNeutrinos2024,
  title     = {({{eV}}) Sterile Neutrinos: Global Picture and Local Views},
  booktitle = {{{XXXI International Conference}} on {{Neutrino Physics}} and {{Astrophysics}}},
  author    = {Maltoni, Michele},
  year      = {2024},
  month     = jun,
  address   = {Milan, Italy},
  url       = {https://agenda.infn.it/event/37867/contributions/233957}
}

% Serebrov:2023onj
@article{serebrovResultNeutrino4Experiment2023,
  author        = {Serebrov, A. P. and Samoilov, R. M. and Chaikovskii, M. E. and Zherebtsov, O. M.},
  title         = {{The result of the Neutrino-4 experiment, sterile neutrinos and dark matter, the fourth neutrino and the Hubble constant}},
  eprint        = {2302.09958},
  archiveprefix = {arXiv},
  primaryclass  = {hep-ph},
  month         = {2},
  year          = {2023}
}

% NOvA:2017geg
@article{collaborationSearchActivesterileNeutrino2017,
  author        = {Adamson, P. and others},
  collaboration = {NOvA},
  title         = {{Search for active-sterile neutrino mixing using neutral-current interactions in NOvA}},
  eprint        = {1706.04592},
  archiveprefix = {arXiv},
  primaryclass  = {hep-ex},
  reportnumber  = {FERMILAB-PUB-17-198-ND},
  doi           = {10.1103/PhysRevD.96.072006},
  journal       = {Phys. Rev. D},
  volume        = {96},
  number        = {7},
  pages         = {072006},
  year          = {2017}
}

% MINOS:2017cae
@article{adamsonSearchSterileNeutrinos2019,
  author        = {Adamson, P. and others},
  collaboration = {MINOS+},
  title         = {{Search for sterile neutrinos in MINOS and MINOS+ using a two-detector fit}},
  eprint        = {1710.06488},
  archiveprefix = {arXiv},
  primaryclass  = {hep-ex},
  reportnumber  = {FERMILAB-PUB-17-430-ND},
  doi           = {10.1103/PhysRevLett.122.091803},
  journal       = {Phys. Rev. Lett.},
  volume        = {122},
  number        = {9},
  pages         = {091803},
  year          = {2019}
}

% Dentler:2018sju
@article{dentlerUpdatedGlobalAnalysis2018,
  author        = {Dentler, Mona and Hern{\'a}ndez-Cabezudo, {\'A}lvaro and Kopp, Joachim and Machado, Pedro A. N. and Maltoni, Michele and Martinez-Soler, Ivan and Schwetz, Thomas},
  title         = {{Updated Global Analysis of Neutrino Oscillations in the Presence of eV-Scale Sterile Neutrinos}},
  eprint        = {1803.10661},
  archiveprefix = {arXiv},
  primaryclass  = {hep-ph},
  reportnumber  = {MITP-18-023, IFT-UAM-CSIC-18-033, MITP/18-023, FERMILAB-PUB-18-086-T, IFT-UAM/CSIC-18-033},
  doi           = {10.1007/JHEP08(2018)010},
  journal       = {JHEP},
  volume        = {08},
  pages         = {010},
  year          = {2018}
}

% Diaz:2019fwt
@article{diazWhereAreWe2020a,
  author        = {Diaz, A. and Arg{\"u}elles, C. A. and Collin, G. H. and Conrad, J. M. and Shaevitz, M. H.},
  title         = {{Where Are We With Light Sterile Neutrinos?}},
  eprint        = {1906.00045},
  archiveprefix = {arXiv},
  primaryclass  = {hep-ex},
  doi           = {10.1016/j.physrep.2020.08.005},
  journal       = {Phys. Rept.},
  volume        = {884},
  pages         = {1--59},
  year          = {2020}
}

% Boser:2019rta
@article{boserStatusLightSterile2020,
  author        = {B{\"o}ser, Sebastian and Buck, Christian and Giunti, Carlo and Lesgourgues, Julien and Ludhova, Livia and Mertens, Susanne and Schukraft, Anne and Wurm, Michael},
  title         = {{Status of Light Sterile Neutrino Searches}},
  eprint        = {1906.01739},
  archiveprefix = {arXiv},
  primaryclass  = {hep-ex},
  reportnumber  = {FERMILAB-PUB-19-308-ND},
  doi           = {10.1016/j.ppnp.2019.103736},
  journal       = {Prog. Part. Nucl. Phys.},
  volume        = {111},
  pages         = {103736},
  year          = {2020}
}

