triozziStudyTriggerSystem, arteroponsStudyReconstruction$nu_mutextCC

@phdthesis{triozziStudyTriggerSystem,
  type    = {{M. Sc.} thesis},
  title   = {Study of the Trigger System Performance of the {{ICARUS T600}} Detector at {{Fermilab}} Exposed to the {{Booster}} and {{NuMI Neutrino Beams}}},
  author  = {Triozzi, Riccardo and Guglielmi, Alberto and Gibin, Daniele},
  address = {Padova},
  school  = {Universit{\`a} degli studi di Padova},
  year    = {2023}
}

@phdthesis{arteroponsStudyReconstruction$nu_mutextCC,
  title   = {Study of the Reconstruction of $\ensuremath{\nu_\mu\text{CC QE}}$ Events from  the {Booster Neutrino Beam} with the {ICARUS} Detector},
  author  = {Artero Pons, Maria and Gibin, Daniele and Monaco, Giulio},
  address = {Padova},
  school  = {Universit{\`a} degli studi di Padova},
  year    = {2023}
}