% Chadwick:1914zz,
@article{chadwickIntensityDistributionMagnetic1914,
  author  = {Chadwick, J.},
  title   = {{The intensity distribution in the magnetic spectrum of $\beta$ particles from radium (B + C)}},
  journal = {Verh. Phys. Gesell.},
  volume  = {16},
  pages   = {383--391},
  year    = {1914}
}

% Pauli:1930pc
@article{pauliDearRadioactiveLadies1978,
  author  = {Pauli, W.},
  title   = {{Dear radioactive ladies and gentlemen}},
  journal = {Phys. Today},
  volume  = {31N9},
  pages   = {27},
  year    = {1978}
}

@article{Fermi:1933jpa,
  author  = {Fermi, Enrico},
  title   = {{Tentativo di una teoria dell'emissione dei raggi beta}},
  journal = {Ric. Sci.},
  volume  = {4},
  pages   = {491--495},
  year    = {1933}
}

@article{fermiVersuchTheorieVStrahlen1934,
  author   = {Fermi, E.},
  title    = {{Versuch einer Theorie der $\beta$-Strahlen. I}},
  journal  = {Zeitschrift f{\"u}r Physik},
  year     = {1934},
  month    = {Mar},
  day      = {01},
  volume   = {88},
  number   = {3},
  pages    = {161-177},
  abstract = {Eine quantitative Theorie des $\beta$-Zerfalls wird vorgeschlagen, in welcher man die Existenz des Neutrinos annimmt, und die Emission der Elektronen und Neutrinos aus einem Kern beim $\beta$-Zerfall mit einer {\"a}hnlichen Methode behandelt, wie die Emission eines Lichtquants aus einem angeregten Atom in der Strahlungstheorie. Formeln f{\"u}r die Lebensdauer und f{\"u}r die Form des emittierten kontinuierlichen $\beta$- Strahlenspektrums werden abgeleitet und mit der Erfahrung verglichen.},
  issn     = {0044-3328},
  doi      = {10.1007/BF01351864}
}
  % url      = {https://doi.org/10.1007/BF01351864}

@article{fermiTentativoDiTeoria1934,
  author   = {Fermi, Enrico},
  title    = {{Tentativo di una Teoria Dei Raggi $\beta$}},
  journal  = {Il Nuovo Cimento (1924-1942)},
  year     = {1934},
  month    = {Jan},
  day      = {01},
  volume   = {11},
  number   = {1},
  pages    = {1-19},
  abstract = {Si propone una teoria quantitativa dell'emissione dei raggi {\backslash} in cui si ammette l'esistenza del « neutrino » e si tratta l'emissione degli elettroni e dei neutrini da un nucleo all'alto della disintegrazione $\beta$ con un procedimento simile a quello seguito nella teoria dell' irradiazione per descrivere l'emissione di un quanto di luce da un atomo eccitato. Vengono dedotte delle formule per la vita media e per la forma dello spettro continuo dei raggi $\beta$, e le si confrontano coi dati sperimentali.},
  issn     = {1827-6121},
  doi      = {10.1007/BF02959820}
}
  % url      = {https://doi.org/10.1007/BF02959820}
% Cowan:1956rrn
@article{cowanDetectionFreeNeutrino1956,
  author  = {Cowan, C. L. and Reines, F. and Harrison, F. B. and Kruse, H. W. and McGuire, A. D.},
  title   = {{Detection of the free neutrino: A Confirmation}},
  doi     = {10.1126/science.124.3212.103},
  journal = {Science},
  volume  = {124},
  pages   = {103--104},
  year    = {1956}
}

% PhysRev.50.263
@article{andersonCloudChamberObservations1936,
  title     = {Cloud Chamber Observations of Cosmic Rays at 4300 Meters Elevation and Near Sea-Level},
  author    = {Anderson, Carl D. and Neddermeyer, Seth H.},
  journal   = {Phys. Rev.},
  volume    = {50},
  issue     = {4},
  pages     = {263--271},
  numpages  = {0},
  year      = {1936},
  month     = {Aug},
  publisher = {American Physical Society},
  doi       = {10.1103/PhysRev.50.263}
}
  % url       = {https://link.aps.org/doi/10.1103/PhysRev.50.263}

% PhysRev.51.884
@article{neddermeyerNoteNatureCosmicRay1937,
  title     = {Note on the Nature of Cosmic-Ray Particles},
  author    = {Neddermeyer, Seth H. and Anderson, Carl D.},
  journal   = {Phys. Rev.},
  volume    = {51},
  issue     = {10},
  pages     = {884--886},
  numpages  = {0},
  year      = {1937},
  month     = {May},
  publisher = {American Physical Society},
  doi       = {10.1103/PhysRev.51.884}
}
  % url       = {https://link.aps.org/doi/10.1103/PhysRev.51.884}

% PhysRev.52.1003
@article{streetNewEvidenceExistence1937,
  title     = {{New Evidence for the Existence of a Particle of Mass Intermediate Between the Proton and Electron}},
  author    = {Street, J. C. and Stevenson, E. C.},
  journal   = {Phys. Rev.},
  volume    = {52},
  issue     = {9},
  pages     = {1003--1004},
  numpages  = {0},
  year      = {1937},
  month     = {Nov},
  publisher = {American Physical Society},
  doi       = {10.1103/PhysRev.52.1003}
}
  % url       = {https://link.aps.org/doi/10.1103/PhysRev.52.1003}

@book{pontecorvoElectronMuonNeutrinos1991,
  title        = {Electron and muon neutrinos},
  abstractnote = {The aim of this paper is to emphasize the possibility of solving certain physical problems by studying effects due to free neutrinos not heretofore discussed. The corresponding experiments may turn out to be not feasible today; however, it seems to us that a discussion of them is no more premature that the discussion in its time of the antineutrino experiments from reactors. The question discussed is the possibility of deciding, in principle, whether the neutrino emitted in the π → μ decay νμ and the neutrino emitted in β decay (νμ are identical particles or not},
  publisher    = {Cambridge University Press.},
  author       = {Pontecorvo, B.},
  year         = {1991},
  pages        = {p. 46-54.}
}

% ALEPH:1989ikb
@article{decampPreciseDeterminationNumber1990,
  author        = {Decamp, D. and others},
  collaboration = {ALEPH},
  title         = {{A Precise Determination of the Number of Families With Light Neutrinos and of the $Z$ Boson Partial Widths}},
  reportnumber  = {CERN-EP/89-169},
  doi           = {10.1016/0370-2693(90)91984-J},
  journal       = {Phys. Lett. B},
  volume        = {235},
  pages         = {399--411},
  year          = {1990}
}

% PhysRevLett.35.1489
@article{perlEvidenceAnomalousLepton1975,
  title     = {Evidence for Anomalous Lepton Production in ${e}^{+}\ensuremath{-}{e}^{\ensuremath{-}}$ Annihilation},
  author    = {Perl, M. L. and Abrams, G. S. and Boyarski, A. M. and Breidenbach, M. and Briggs, D. D. and Bulos, F. and Chinowsky, W. and Dakin, J. T. and Feldman, G. J. and Friedberg, C. E. and Fryberger, D. and Goldhaber, G. and Hanson, G. and Heile, F. B. and Jean-Marie, B. and Kadyk, J. A. and Larsen, R. R. and Litke, A. M. and L\"uke, D. and Lulu, B. A. and L\"uth, V. and Lyon, D. and Morehouse, C. C. and Paterson, J. M. and Pierre, F. M. and Pun, T. P. and Rapidis, P. A. and Richter, B. and Sadoulet, B. and Schwitters, R. F. and Tanenbaum, W. and Trilling, G. H. and Vannucci, F. and Whitaker, J. S. and Winkelmann, F. C. and Wiss, J. E.},
  journal   = {Phys. Rev. Lett.},
  volume    = {35},
  issue     = {22},
  pages     = {1489--1492},
  numpages  = {0},
  year      = {1975},
  month     = {Dec},
  publisher = {American Physical Society},
  doi       = {10.1103/PhysRevLett.35.1489}
}
  % url       = {https://link.aps.org/doi/10.1103/PhysRevLett.35.1489}

% Peskin:1995ev
@book{peskinIntroductionQuantumField1995,
  author    = {Peskin, Michael E. and Schroeder, Daniel V.},
  title     = {{An Introduction to quantum field theory}},
  doi       = {10.1201/9780429503559},
  isbn      = {978-0-201-50397-5, 978-0-429-50355-9, 978-0-429-49417-8},
  publisher = {Addison-Wesley},
  address   = {Reading, USA},
  year      = {1995}
}

% PhysRev.109.1015
@article{goldhaberHelicityNeutrinos1958,
  title     = {Helicity of Neutrinos},
  author    = {Goldhaber, M. and Grodzins, L. and Sunyar, A. W.},
  journal   = {Phys. Rev.},
  volume    = {109},
  issue     = {3},
  pages     = {1015--1017},
  numpages  = {0},
  year      = {1958},
  month     = {Feb},
  publisher = {American Physical Society},
  doi       = {10.1103/PhysRev.109.1015}
}
  % url       = {https://link.aps.org/doi/10.1103/PhysRev.109.1015}

% UA1:1983mne
@article{arnisonExperimentalObservationLepton1983,
  author        = {Arnison, G. and others},
  collaboration = {UA1},
  title         = {{Experimental Observation of Lepton Pairs of Invariant Mass Around {95 GeV/c$^2$} at the CERN SPS Collider}},
  reportnumber  = {CERN-EP-83-73},
  doi           = {10.1016/0370-2693(83)90188-0},
  journal       = {Phys. Lett. B},
  volume        = {126},
  pages         = {398--410},
  year          = {1983}
}

% UA2:1983tsx
@article{bannerObservationSingleIsolated1983a,
  author        = {Banner, M. and others},
  collaboration = {UA2},
  title         = {{Observation of Single Isolated Electrons of High Transverse Momentum in Events with Missing Transverse Energy at the CERN anti-p p Collider}},
  reportnumber  = {CERN-EP-83-25},
  doi           = {10.1016/0370-2693(83)91605-2},
  journal       = {Phys. Lett. B},
  volume        = {122},
  pages         = {476--485},
  year          = {1983}
}

% RevModPhys.84.1307
@article{formaggioEVEeVNeutrino2012,
  title     = {From {{eV}} to {{EeV}}: Neutrino cross sections across energy scales},
  author    = {Formaggio, J. A. and Zeller, G. P.},
  journal   = {Rev. Mod. Phys.},
  volume    = {84},
  issue     = {3},
  pages     = {1307--1341},
  numpages  = {0},
  year      = {2012},
  month     = {Sep},
  publisher = {American Physical Society},
  doi       = {10.1103/RevModPhys.84.1307}
}
  % url       = {https://link.aps.org/doi/10.1103/RevModPhys.84.1307}

% MUSSET19781
@article{mussetNeutrinoPhysicsGargamelle1978,
  title   = {Neutrino physics with gargamelle},
  journal = {Physics Reports},
  volume  = {39},
  number  = {1},
  pages   = {1-130},
  year    = {1978},
  issn    = {0370-1573},
  doi     = {https://doi.org/10.1016/0370-1573(78)90051-0},
  author  = {Paul Musset and Jean-Pierre Vialle}
}
  % url     = {https://www.sciencedirect.com/science/article/pii/0370157378900510},

% GargamelleNeutrino:1974khg
@article{hasertObservationNeutrinolikeInteractions1973,
  author        = {Hasert, F. J. and others},
  collaboration = {Gargamelle Neutrino},
  title         = {{Observation of Neutrino Like Interactions without Muon or Electron in the Gargamelle Neutrino Experiment}},
  reportnumber  = {CERN-TC-L-INT-74-1},
  doi           = {10.1016/0550-3213(74)90038-8},
  journal       = {Nucl. Phys. B},
  volume        = {73},
  pages         = {1--22},
  year          = {1974}
}

% Hasert:1973cr
@article{hasertSearchElasticMuonneutrino1973,
  author  = {Hasert, F. J. and others},
  title   = {{Search for Elastic $\nu_\mu$ Electron Scattering}},
  doi     = {10.1016/0370-2693(73)90494-2},
  journal = {Phys. Lett. B},
  volume  = {46},
  pages   = {121--124},
  year    = {1973}
}

% SajjadAthar:2022pjt
@article{atharNeutrinosTheirInteractions2022,
  author        = {Sajjad Athar, M. and Fatima, A. and Singh, S. K.},
  title         = {{Neutrinos and their interactions with matter}},
  eprint        = {2206.13792},
  archiveprefix = {arXiv},
  primaryclass  = {hep-ph},
  doi           = {10.1016/j.ppnp.2022.104019},
  journal       = {Prog. Part. Nucl. Phys.},
  volume        = {129},
  pages         = {104019},
  year          = {2023}
}

% PhysRev.105.1925.2
@article{landeReportLongLived$K^0$1957,
  title     = {{Report on Long-Lived ${K}^{0}$ Mesons}},
  author    = {Lande, K. and Lederman, L. M. and Chinowsky, W.},
  journal   = {Phys. Rev.},
  volume    = {105},
  issue     = {6},
  pages     = {1925--1927},
  numpages  = {0},
  year      = {1957},
  month     = {Mar},
  publisher = {American Physical Society},
  doi       = {10.1103/PhysRev.105.1925.2}
}
  % url       = {https://link.aps.org/doi/10.1103/PhysRev.105.1925.2}

% Pontecorvo:1957cp
@article{pontecorvoMesoniumAntimesonium1957,
  author  = {Pontecorvo, B.},
  title   = {{Mesonium and Antimesonium}},
  journal = {Sov. Phys. JETP},
  volume  = {6},
  pages   = {429--431},
  year    = {1958}
}

% Maki:1962mu
@article{makiRemarksUnifiedModel1962,
  author  = {Maki, Ziro and Nakagawa, Masami and Sakata, Shoichi},
  title   = {{Remarks on the unified model of elementary particles}},
  doi     = {10.1143/PTP.28.870},
  journal = {Prog. Theor. Phys.},
  volume  = {28},
  pages   = {870--880},
  year    = {1962}
}

@article{serenelliAliveWellShort2016,
  author   = {Serenelli, Aldo},
  title    = {{Alive and well: A short review about standard solar models}},
  journal  = {The European Physical Journal A},
  year     = {2016},
  month    = {Apr},
  day      = {05},
  volume   = {52},
  number   = {4},
  pages    = {78},
  abstract = {Standard solar models (SSMs) provide a reference framework across a number of research fields: solar and stellar models, solar neutrinos, particle physics the most conspicuous among them. The accuracy of the physical description of the global properties of the Sun that SSMs provide has been challenged in the last decade by a number of developments in stellar spectroscopic techniques. Over the same period of time, solar neutrino experiments, and Borexino in particular, have measured the four solar neutrino fluxes from the pp-chains that are associated with 99{\%} of the nuclear energy generated in the Sun. Borexino has also set the most stringent limit on CNO energy generation, only ∼ 40{\%} larger than predicted by SSMs. More recently, and for the first time, radiative opacity experiments have been performed at conditions that closely resemble those at the base of the solar convective envelope. In this article, we review these developments and discuss the current status of SSMs, including its intrinsic limitations.},
  issn     = {1434-601X},
  doi      = {10.1140/epja/i2016-16078-1}
}
  % url      = {https://doi.org/10.1140/epja/i2016-16078-1}

% RevModPhys.54.767
@article{bahcallStandardSolarModels1982,
  title     = {Standard solar models and the uncertainties in predicted capture rates of solar neutrinos},
  author    = {Bahcall, John N. and Huebner, Walter F. and Lubow, Stephen H. and Parker, Peter D. and Ulrich, Roger K.},
  journal   = {Rev. Mod. Phys.},
  volume    = {54},
  issue     = {3},
  pages     = {767--799},
  numpages  = {0},
  year      = {1982},
  month     = {Jul},
  publisher = {American Physical Society},
  doi       = {10.1103/RevModPhys.54.767}
}
  % url       = {https://link.aps.org/doi/10.1103/RevModPhys.54.767}

% Bahcall:2004pz
@article{bahcallNewSolarOpacities2005,
  author        = {Bahcall, John N. and Serenelli, Aldo M. and Basu, Sarbani},
  title         = {{New solar opacities, abundances, helioseismology, and neutrino fluxes}},
  eprint        = {astro-ph/0412440},
  archiveprefix = {arXiv},
  doi           = {10.1086/428929},
  journal       = {Astrophys. J. Lett.},
  volume        = {621},
  pages         = {L85--L88},
  year          = {2005}
}

%Cleveland:1998nv
@article{clevelandMeasurementSolarElectron1998,
  author  = {Cleveland, B. T. and Daily, Timothy and Davis, Jr., Raymond and Distel, James R. and Lande, Kenneth and Lee, C. K. and Wildenhain, Paul S. and Ullman, Jack},
  title   = {{Measurement of the solar electron neutrino flux with the Homestake chlorine detector}},
  doi     = {10.1086/305343},
  journal = {Astrophys. J.},
  volume  = {496},
  pages   = {505--526},
  year    = {1998}
}

% PhysRevC.60.055801
@article{collaborationMeasurementSolarNeutrino1999,
  title         = {Measurement of the solar neutrino capture rate with gallium metal},
  author        = {Abdurashitov, J. N. and Gavrin, V. N. and Girin, S. V. and Gorbachev, V. V. and Ibragimova, T. V. and Kalikhov, A. V. and Khairnasov, N. G. and Knodel, T. V. and Mirmov, I. N. and Shikhin, A. A. and Veretenkin, E. P. and Vermul, V. M. and Yants, V. E. and Zatsepin, G. T. and Bowles, T. J. and Teasdale, W. A. and Wark, D. L. and Cherry, M. L. and Nico, J. S. and Cleveland, B. T. and Davis, R. and Lande, K. and Wildenhain, P. S. and Elliott, S. R. and Wilkerson, J. F.},
  collaboration = {SAGE},
  journal       = {Phys. Rev. C},
  volume        = {60},
  issue         = {5},
  pages         = {055801},
  numpages      = {32},
  year          = {1999},
  month         = {Oct},
  publisher     = {American Physical Society},
  doi           = {10.1103/PhysRevC.60.055801}
}
  % url           = {https://link.aps.org/doi/10.1103/PhysRevC.60.055801}

@article{hampelGALLEXSolarNeutrino1999,
  title    = {{{GALLEX} solar neutrino observations: results for {GALLEX} {IV}}},
  journal  = {Physics Letters B},
  volume   = {447},
  number   = {1},
  pages    = {127-133},
  year     = {1999},
  issn     = {0370-2693},
  doi      = {https://doi.org/10.1016/S0370-2693(98)01579-2},
  author   = {W. Hampel and J. Handt and G. Heusser and J. Kiko and T. Kirsten and M. Laubenstein and E. Pernicka and W. Rau and M. Wojcik and Y. Zakharov and R.v. Ammon and K.H. Ebert and T. Fritsch and D. Heidt and E. Henrich and L. Stielglitz and F. Weirich and M. Balata and M. Sann and F.X. Hartmann and E. Bellotti and C. Cattadori and O. Cremonesi and N. Ferrari and E. Fiorini and L. Zanotti and M. Altmann and F.v. Feilitzsch and R. Mößbauer and S. Wänninger and G. Berthomieu and E. Schatzman and I. Carmi and I. Dostrovsky and C. Bacci and P. Belli and R. Bernabei and S. d'Angelo and L. Paoluzi and M. Cribier and J. Rich and M. Spiro and C. Tao and D. Vignaud and J. Boger and R.L. Hahn and J.K. Rowley and R.W. Stoenner and J. Weneser},
  abstract = {We report the GALLEX solar neutrino results for the measuring period GALLEX IV, from 14 February 1996 until 23 January 1997. Counting for the GALLEX IV runs was completed on 19 June 1997. The GALLEX IV result from 12 solar runs is [118.4 ± 17.8 (stat.) ± 6.6 (sys.)] SNU (1$\sigma$). The combined result for GALLEX I+II+III+IV, which comprises 65 solar runs, is 77.5 ± 6.2 +4.3-4.7(1$\sigma$) SNU. The GALLEX experimental program to register solar neutrinos has now been completed. In April 1998, GALLEX was succeeded by a new project, the Gallium Neutrino Observatory (GNO), with newly defined motives and goals.}
}
  % url      = {https://www.sciencedirect.com/science/article/pii/S0370269398015792},

@article{altmannGNOSolarNeutrino2000,
  title    = {{{GNO}} solar neutrino observations: results for {{GNO}} {{I}}},
  journal  = {Physics Letters B},
  volume   = {490},
  number   = {1},
  pages    = {16-26},
  year     = {2000},
  issn     = {0370-2693},
  doi      = {https://doi.org/10.1016/S0370-2693(00)00915-1},
  author   = {M. Altmann and M. Balata and P. Belli and E. Bellotti and R. Bernabei and E. Burkert and C. Cattadori and G. Cerichelli and M. Chiarini and M. Cribier and S. d'Angelo and G. {Del Re} and K.H. Ebert and F.v. Feilitzsch and N. Ferrari and W. Hampel and J. Handt and E. Henrich and G. Heusser and J. Kiko and T. Kirsten and T. Lachenmaier and J. Lanfranchi and M. Laubenstein and D. Motta and W. Rau and H. Richter and S. Wänninger and M. Wojcik and L. Zanotti},
  keywords = {Solar neutrinos, Gallium experiment, GNO, GALLEX, Neutrino mass},
  abstract = {We report the first GNO solar neutrino results for the measuring period GNO I, solar exposure time May 20, 1998 till January 12, 2000. In the present analysis, counting results for solar runs SR1-SR19 were used till April 4, 2000. With counting completed for all but the last 3 runs (SR17-SR19), the GNO I result is [65.8 ± 10.29.6 (stat.) ± 3.43.6 (syst.)] SNU (1$\sigma$) or [65.8 ± 10.710.2 (incl. syst.)] SNU (1$\sigma$) with errors combined. This may be compared to the result for Gallex (I-IV), which is [77.5 ± 7.67.8 (incl. syst.)] SNU (1$\sigma$). A combined result from both GNO I and Gallex (I-IV) together is [74.1 ± 6.76.8 (incl. syst.)] SNU (1$\sigma$).}
}
  % url      = {https://www.sciencedirect.com/science/article/pii/S0370269300009151},

% PhysRevD.94.052010
@article{super-kamiokandecollaborationSolarNeutrinoMeasurements2016,
  title         = {Solar neutrino measurements in {Super-Kamiokande-IV}},
  author        = {Abe, K. and Haga, Y. and Hayato, Y. and Ikeda, M. and Iyogi, K. and Kameda, J. and Kishimoto, Y. and Marti, Ll. and Miura, M. and Moriyama, S. and Nakahata, M. and Nakajima, T. and Nakayama, S. and Orii, A. and Sekiya, H. and Shiozawa, M. and Sonoda, Y. and Takeda, A. and Tanaka, H. and Takenaga, Y. and Tasaka, S. and Tomura, T. and Ueno, K. and Yokozawa, T. and Akutsu, R. and Irvine, T. and Kaji, H. and Kajita, T. and Kametani, I. and Kaneyuki, K. and Lee, K. P. and Nishimura, Y. and McLachlan, T. and Okumura, K. and Richard, E. and Labarga, L. and Fernandez, P. and Blaszczyk, F. d. M. and Gustafson, J. and Kachulis, C. and Kearns, E. and Raaf, J. L. and Stone, J. L. and Sulak, L. R. and Berkman, S. and Tobayama, S. and Goldhaber, M. and Bays, K. and Carminati, G. and Griskevich, N. J. and Kropp, W. R. and Mine, S. and Renshaw, A. and Smy, M. B. and Sobel, H. W. and Takhistov, V. and Weatherly, P. and Ganezer, K. S. and Hartfiel, B. L. and Hill, J. and Keig, W. E. and Hong, N. and Kim, J. Y. and Lim, I. T. and Park, R. G. and Akiri, T. and Albert, J. B. and Himmel, A. and Li, Z. and O'Sullivan, E. and Scholberg, K. and Walter, C. W. and Wongjirad, T. and Ishizuka, T. and Nakamura, T. and Jang, J. S. and Choi, K. and Learned, J. G. and Matsuno, S. and Smith, S. N. and Friend, M. and Hasegawa, T. and Ishida, T. and Ishii, T. and Kobayashi, T. and Nakadaira, T. and Nakamura, K. and Nishikawa, K. and Oyama, Y. and Sakashita, K. and Sekiguchi, T. and Tsukamoto, T. and Nakano, Y. and Suzuki, A. T. and Takeuchi, Y. and Yano, T. and Cao, S. V. and Hayashino, T. and Hiraki, T. and Hirota, S. and Huang, K. and Ieki, K. and Jiang, M. and Kikawa, T. and Minamino, A. and Murakami, A. and Nakaya, T. and Patel, N. D. and Suzuki, K. and Takahashi, S. and Wendell, R. A. and Fukuda, Y. and Itow, Y. and Mitsuka, G. and Muto, F. and Suzuki, T. and Mijakowski, P. and Frankiewicz, K. and Hignight, J. and Imber, J. and Jung, C. K. and Li, X. and Palomino, J. L. and Santucci, G. and Taylor, I. and Vilela, C. and Wilking, M. J. and Yanagisawa, C. and Fukuda, D. and Ishino, H. and Kayano, T. and Kibayashi, A. and Koshio, Y. and Mori, T. and Sakuda, M. and Takeuchi, J. and Yamaguchi, R. and Kuno, Y. and Tacik, R. and Kim, S. B. and Okazawa, H. and Choi, Y. and Ito, K. and Nishijima, K. and Koshiba, M. and Totsuka, Y. and Suda, Y. and Yokoyama, M. and Bronner, C. and Calland, R. G. and Hartz, M. and Martens, K. and Obayashi, Y. and Suzuki, Y. and Vagins, M. R. and Nantais, C. M. and Martin, J. F. and de Perio, P. and Tanaka, H. A. and Konaka, A. and Chen, S. and Sui, H. and Wan, L. and Yang, Z. and Zhang, H. and Zhang, Y. and Connolly, K. and Dziomba, M. and Wilkes, R. J.},
  collaboration = {Super-Kamiokande},
  journal       = {Phys. Rev. D},
  volume        = {94},
  issue         = {5},
  pages         = {052010},
  numpages      = {32},
  year          = {2016},
  month         = {Sep},
  publisher     = {American Physical Society},
  doi           = {10.1103/PhysRevD.94.052010}
}
  % url           = {https://link.aps.org/doi/10.1103/PhysRevD.94.052010}

% Kamiokande-II:1988sxn
@article{hirataExperimentalStudyAtmospheric1988,
  author        = {Hirata, K. S. and others},
  editor        = {Tran Thanh Van, J.},
  collaboration = {Kamiokande-II},
  title         = {{Experimental Study of the Atmospheric Neutrino Flux}},
  reportnumber  = {UT-ICEPP-88-02, UPR-0149E},
  doi           = {10.1016/0370-2693(88)91690-5},
  journal       = {Phys. Lett. B},
  volume        = {205},
  pages         = {416},
  year          = {1988}
}

% {PhysRevLett.66.2561
@article{casperMeasurementAtmosphericNeutrino1991,
  title     = {{Measurement of atmospheric neutrino composition with the IMB-3 detector}},
  author    = {Casper, D. and Becker-Szendy, R. and Bratton, C. B. and Cady, D. R. and Claus, R. and Dye, S. T. and Gajewski, W. and Goldhaber, M. and Haines, T. J. and Halverson, P. G. and Jones, T. W. and Kielczewska, D. and Kropp, W. R. and Learned, J. G. and LoSecco, J. M. and McGrew, C. and Matsuno, S. and Matthews, J. and Mudan, M. S. and Price, L. and Reines, F. and Schultz, J. and Sinclair, D. and Sobel, H. W. and Stone, J. L. and Sulak, L. R. and Svoboda, R. and Thornton, G. and van der Velde, J. C.},
  journal   = {Phys. Rev. Lett.},
  volume    = {66},
  issue     = {20},
  pages     = {2561--2564},
  numpages  = {0},
  year      = {1991},
  month     = {May},
  publisher = {American Physical Society},
  doi       = {10.1103/PhysRevLett.66.2561}
}
  % url       = {https://link.aps.org/doi/10.1103/PhysRevLett.66.2561}

% PhysRevLett.93.101801
@article{ashieEvidenceOscillatorySignature2004,
  title         = {{Evidence for an Oscillatory Signature in Atmospheric Neutrino Oscillations}},
  author        = {Ashie, Y. and Hosaka, J. and Ishihara, K. and Itow, Y. and Kameda, J. and Koshio, Y. and Minamino, A. and Mitsuda, C. and Miura, M. and Moriyama, S. and Nakahata, M. and Namba, T. and Nambu, R. and Obayashi, Y. and Shiozawa, M. and Suzuki, Y. and Takeuchi, Y. and Taki, K. and Yamada, S. and Ishitsuka, M. and Kajita, T. and Kaneyuki, K. and Nakayama, S. and Okada, A. and Okumura, K. and Ooyabu, T. and Saji, C. and Takenaga, Y. and Desai, S. and Kearns, E. and Likhoded, S. and Stone, J. L. and Sulak, L. R. and Walter, C. W. and Wang, W. and Goldhaber, M. and Casper, D. and Cravens, J. P. and Gajewski, W. and Kropp, W. R. and Liu, D. W. and Mine, S. and Smy, M. B. and Sobel, H. W. and Sterner, C. W. and Vagins, M. R. and Ganezer, K. S. and Hill, J. and Keig, W. E. and Jang, J. S. and Kim, J. Y. and Lim, I. T. and Ellsworth, R. W. and Tasaka, S. and Guillian, G. and Kibayashi, A. and Learned, J. G. and Matsuno, S. and Takemori, D. and Messier, M. D. and Hayato, Y. and Ichikawa, A. K. and Ishida, T. and Ishii, T. and Iwashita, T. and Kobayashi, T. and Maruyama, T. and Nakamura, K. and Nitta, K. and Oyama, Y. and Sakuda, M. and Totsuka, Y. and Suzuki, A. T. and Hasegawa, M. and Hayashi, K. and Inagaki, T. and Kato, I. and Maesaka, H. and Morita, T. and Nakaya, T. and Nishikawa, K. and Sasaki, T. and Ueda, S. and Yamamoto, S. and Haines, T. J. and Dazeley, S. and Hatakeyama, S. and Svoboda, R. and Blaufuss, E. and Goodman, J. A. and Sullivan, G. W. and Turcan, D. and Scholberg, K. and Habig, A. and Fukuda, Y. and Jung, C. K. and Kato, T. and Kobayashi, K. and Malek, M. and Mauger, C. and McGrew, C. and Sarrat, A. and Sharkey, E. and Yanagisawa, C. and Toshito, T. and Miyano, K. and Tamura, N. and Ishii, J. and Kuno, Y. and Nagashima, Y. and Takita, M. and Yoshida, M. and Kim, S. B. and Yoo, J. and Okazawa, H. and Ishizuka, T. and Choi, Y. and Seo, H. K. and Gando, Y. and Hasegawa, T. and Inoue, K. and Shirai, J. and Suzuki, A. and Koshiba, M. and Nakajima, Y. and Nishijima, K. and Harada, T. and Ishino, H. and Nishimura, R. and Watanabe, Y. and Kielczewska, D. and Zalipska, J. and Berns, H. G. and Gran, R. and Shiraishi, K. K. and Stachyra, A. and Washburn, K. and Wilkes, R. J.},
  collaboration = {The Super-Kamiokande},
  journal       = {Phys. Rev. Lett.},
  volume        = {93},
  issue         = {10},
  pages         = {101801},
  numpages      = {6},
  year          = {2004},
  month         = {Sep},
  publisher     = {American Physical Society},
  doi           = {10.1103/PhysRevLett.93.101801}
}
  % url           = {https://link.aps.org/doi/10.1103/PhysRevLett.93.101801}

% PhysRevLett.115.121802
@article{collaborationDiscoveryTauNeutrino2015,
  title         = {{Discovery of $\ensuremath{\tau}$ Neutrino Appearance in the CNGS Neutrino Beam with the OPERA Experiment}},
  author        = {Agafonova, N. and Aleksandrov, A. and Anokhina, A. and Aoki, S. and Ariga, A. and Ariga, T. and Bender, D. and Bertolin, A. and Bodnarchuk, I. and Bozza, C. and Brugnera, R. and Buonaura, A. and Buontempo, S. and B\"uttner, B. and Chernyavsky, M. and Chukanov, A. and Consiglio, L. and D'Ambrosio, N. and De Lellis, G. and De Serio, M. and Del Amo Sanchez, P. and Di Crescenzo, A. and Di Ferdinando, D. and Di Marco, N. and Dmitrievski, S. and Dracos, M. and Duchesneau, D. and Dusini, S. and Dzhatdoev, T. and Ebert, J. and Ereditato, A. and Fini, R. A. and Fornari, F. and Fukuda, T. and Galati, G. and Garfagnini, A. and Goldberg, J. and Gornushkin, Y. and Grella, G. and Guler, A. M. and Gustavino, C. and Hagner, C. and Hara, T. and Hayakawa, H. and Hollnagel, A. and Hosseini, B. and Ishiguro, K. and Jakovcic, K. and Jollet, C. and Kamiscioglu, C. and Kamiscioglu, M. and Kim, J. H. and Kim, S. H. and Kitagawa, N. and Klicek, B. and Kodama, K. and Komatsu, M. and Kose, U. and Kreslo, I. and Laudisio, F. and Lauria, A. and Ljubicic, A. and Longhin, A. and Loverre, P. F. and Malgin, A. and Malenica, M. and Mandrioli, G. and Matsuo, T. and Matsushita, T. and Matveev, V. and Mauri, N. and Medinaceli, E. and Meregaglia, A. and Mikado, S. and Miyanishi, M. and Mizutani, F. and Monacelli, P. and Montesi, M. C. and Morishima, K. and Muciaccia, M. T. and Naganawa, N. and Naka, T. and Nakamura, M. and Nakano, T. and Nakatsuka, Y. and Niwa, K. and Ogawa, S. and Olchevsky, A. and Omura, T. and Ozaki, K. and Paoloni, A. and Paparella, L. and Park, B. D. and Park, I. G. and Pasqualini, L. and Pastore, A. and Patrizii, L. and Pessard, H. and Pistillo, C. and Podgrudkov, D. and Polukhina, N. and Pozzato, M. and Pupilli, F. and Roda, M. and Roganova, T. and Rokujo, H. and Rosa, G. and Ryazhskaya, O. and Sato, O. and Schembri, A. and Schmidt-Parzefall, W. and Shakirianova, I. and Shchedrina, T. and Sheshukov, A. and Shibuya, H. and Shiraishi, T. and Shoziyoev, G. and Simone, S. and Sioli, M. and Sirignano, C. and Sirri, G. and Sotnikov, A. and Spinetti, M. and Stanco, L. and Starkov, N. and Stellacci, S. M. and Stipcevic, M. and Strolin, P. and Takahashi, S. and Tenti, M. and Terranova, F. and Tioukov, V. and Tufanli, S. and Vilain, P. and Vladymyrov, M. and Votano, L. and Vuilleumier, J. L. and Wilquet, G. and Wonsak, B. and Yoon, C. S. and Zemskova, S.},
  collaboration = {OPERA},
  journal       = {Phys. Rev. Lett.},
  volume        = {115},
  issue         = {12},
  pages         = {121802},
  numpages      = {7},
  year          = {2015},
  month         = {Sep},
  publisher     = {American Physical Society},
  doi           = {10.1103/PhysRevLett.115.121802}
}
  % url           = {https://link.aps.org/doi/10.1103/PhysRevLett.115.121802}

% PhysRevLett.87.071301
@article{collaborationMeasurementRateNu_e2001,
  title         = {{Measurement of the Rate of ${\ensuremath{\nu}}_{e}+\mathit{d}\ensuremath{\rightarrow}\mathit{p}+\mathit{p}+{\mathit{e}}^{\ensuremath{-}}$ Interactions Produced by $^{8}B$ Solar Neutrinos at the Sudbury Neutrino Observatory}},
  author        = {Ahmad, Q. R. and Allen, R. C. and Andersen, T. C. and Anglin, J. D. and B\"uhler, G. and Barton, J. C. and Beier, E. W. and Bercovitch, M. and Bigu, J. and Biller, S. and Black, R. A. and Blevis, I. and Boardman, R. J. and Boger, J. and Bonvin, E. and Boulay, M. G. and Bowler, M. G. and Bowles, T. J. and Brice, S. J. and Browne, M. C. and Bullard, T. V. and Burritt, T. H. and Cameron, K. and Cameron, J. and Chan, Y. D. and Chen, M. and Chen, H. H. and Chen, X. and Chon, M. C. and Cleveland, B. T. and Clifford, E. T. H. and Cowan, J. H. M. and Cowen, D. F. and Cox, G. A. and Dai, Y. and Dai, X. and Dalnoki-Veress, F. and Davidson, W. F. and Doe, P. J. and Doucas, G. and Dragowsky, M. R. and Duba, C. A. and Duncan, F. A. and Dunmore, J. and Earle, E. D. and Elliott, S. R. and Evans, H. C. and Ewan, G. T. and Farine, J. and Fergani, H. and Ferraris, A. P. and Ford, R. J. and Fowler, M. M. and Frame, K. and Frank, E. D. and Frati, W. and Germani, J. V. and Gil, S. and Goldschmidt, A. and Grant, D. R. and Hahn, R. L. and Hallin, A. L. and Hallman, E. D. and Hamer, A. and Hamian, A. A. and Haq, R. U. and Hargrove, C. K. and Harvey, P. J. and Hazama, R. and Heaton, R. and Heeger, K. M. and Heintzelman, W. J. and Heise, J. and Helmer, R. L. and Hepburn, J. D. and Heron, H. and Hewett, J. and Hime, A. and Howe, M. and Hykawy, J. G. and Isaac, M. C. P. and Jagam, P. and Jelley, N. A. and Jillings, C. and Jonkmans, G. and Karn, J. and Keener, P. T. and Kirch, K. and Klein, J. R. and Knox, A. B. and Komar, R. J. and Kouzes, R. and Kutter, T. and Kyba, C. C. M. and Law, J. and Lawson, I. T. and Lay, M. and Lee, H. W. and Lesko, K. T. and Leslie, J. R. and Levine, I. and Locke, W. and Lowry, M. M. and Luoma, S. and Lyon, J. and Majerus, S. and Mak, H. B. and Marino, A. D. and McCauley, N. and McDonald, A. B. and McDonald, D. S. and McFarlane, K. and McGregor, G. and McLatchie, W. and Drees, R. Meijer and Mes, H. and Mifflin, C. and Miller, G. G. and Milton, G. and Moffat, B. A. and Moorhead, M. and Nally, C. W. and Neubauer, M. S. and Newcomer, F. M. and Ng, H. S. and Noble, A. J. and Norman, E. B. and Novikov, V. M. and O'Neill, M. and Okada, C. E. and Ollerhead, R. W. and Omori, M. and Orrell, J. L. and Oser, S. M. and Poon, A. W. P. and Radcliffe, T. J. and Roberge, A. and Robertson, B. C. and Robertson, R. G. H. and Rowley, J. K. and Rusu, V. L. and Saettler, E. and Schaffer, K. K. and Schuelke, A. and Schwendener, M. H. and Seifert, H. and Shatkay, M. and Simpson, J. J. and Sinclair, D. and Skensved, P. and Smith, A. R. and Smith, M. W. E. and Starinsky, N. and Steiger, T. D. and Stokstad, R. G. and Storey, R. S. and Sur, B. and Tafirout, R. and Tagg, N. and Tanner, N. W. and Taplin, R. K. and Thorman, M. and Thornewell, P. and Trent, P. T. and Tserkovnyak, Y. I. and Van Berg, R. and Van de Water, R. G. and Virtue, C. J. and Waltham, C. E. and Wang, J.-X. and Wark, D. L. and West, N. and Wilhelmy, J. B. and Wilkerson, J. F. and Wilson, J. and Wittich, P. and Wouters, J. M. and Yeh, M.},
  collaboration = {SNO},
  journal       = {Phys. Rev. Lett.},
  volume        = {87},
  issue         = {7},
  pages         = {071301},
  numpages      = {6},
  year          = {2001},
  month         = {Jul},
  publisher     = {American Physical Society},
  doi           = {10.1103/PhysRevLett.87.071301}
}
  % url           = {https://link.aps.org/doi/10.1103/PhysRevLett.87.071301}

% PhysRevLett.89.011301
@article{collaborationDirectEvidenceNeutrino2002,
  title         = {{Direct Evidence for Neutrino Flavor Transformation from Neutral-Current Interactions in the Sudbury Neutrino Observatory}},
  author        = {Ahmad, Q. R. and Allen, R. C. and Andersen, T. C. and D.Anglin, J. and Barton, J. C. and Beier, E. W. and Bercovitch, M. and Bigu, J. and Biller, S. D. and Black, R. A. and Blevis, I. and Boardman, R. J. and Boger, J. and Bonvin, E. and Boulay, M. G. and Bowler, M. G. and Bowles, T. J. and Brice, S. J. and Browne, M. C. and Bullard, T. V. and B\"uhler, G. and Cameron, J. and Chan, Y. D. and Chen, H. H. and Chen, M. and Chen, X. and Cleveland, B. T. and Clifford, E. T. H. and Cowan, J. H. M. and Cowen, D. F. and Cox, G. A. and Dai, X. and Dalnoki-Veress, F. and Davidson, W. F. and Doe, P. J. and Doucas, G. and Dragowsky, M. R. and Duba, C. A. and Duncan, F. A. and Dunford, M. and Dunmore, J. A. and Earle, E. D. and Elliott, S. R. and Evans, H. C. and Ewan, G. T. and Farine, J. and Fergani, H. and Ferraris, A. P. and Ford, R. J. and Formaggio, J. A. and Fowler, M. M. and Frame, K. and Frank, E. D. and Frati, W. and Gagnon, N. and Germani, J. V. and Gil, S. and Graham, K. and Grant, D. R. and Hahn, R. L. and Hallin, A. L. and Hallman, E. D. and Hamer, A. S. and Hamian, A. A. and Handler, W. B. and Haq, R. U. and Hargrove, C. K. and Harvey, P. J. and Hazama, R. and Heeger, K. M. and Heintzelman, W. J. and Heise, J. and Helmer, R. L. and Hepburn, J. D. and Heron, H. and Hewett, J. and Hime, A. and Howe, M. and Hykawy, J. G. and Isaac, M. C. P. and Jagam, P. and Jelley, N. A. and Jillings, C. and Jonkmans, G. and Kazkaz, K. and Keener, P. T. and Klein, J. R. and Knox, A. B. and Komar, R. J. and Kouzes, R. and Kutter, T. and Kyba, C. C. M. and Law, J. and Lawson, I. T. and Lay, M. and Lee, H. W. and Lesko, K. T. and Leslie, J. R. and Levine, I. and Locke, W. and Luoma, S. and Lyon, J. and Majerus, S. and Mak, H. B. and Maneira, J. and Manor, J. and Marino, A. D. and McCauley, N. and McDonald, A. B. and McDonald, D. S. and McFarlane, K. and McGregor, G. and Meijer Drees, R. and Mifflin, C. and Miller, G. G. and Milton, G. and Moffat, B. A. and Moorhead, M. and Nally, C. W. and Neubauer, M. S. and Newcomer, F. M. and Ng, H. S. and Noble, A. J. and Norman, E. B. and Novikov, V. M. and O'Neill, M. and Okada, C. E. and Ollerhead, R. W. and Omori, M. and Orrell, J. L. and Oser, S. M. and Poon, A. W. P. and Radcliffe, T. J. and Roberge, A. and Robertson, B. C. and Robertson, R. G. H. and Rosendahl, S. S. E. and Rowley, J. K. and Rusu, V. L. and Saettler, E. and Schaffer, K. K. and Schwendener, M. H. and Sch\"ulke, A. and Seifert, H. and Shatkay, M. and Simpson, J. J. and Sims, C. J. and Sinclair, D. and Skensved, P. and Smith, A. R. and Smith, M. W. E. and Spreitzer, T. and Starinsky, N. and Steiger, T. D. and Stokstad, R. G. and Stonehill, L. C. and Storey, R. S. and Sur, B. and Tafirout, R. and Tagg, N. and Tanner, N. W. and Taplin, R. K. and Thorman, M. and Thornewell, P. M. and Trent, P. T. and Tserkovnyak, Y. I. and Van Berg, R. and Van de Water, R. G. and Virtue, C. J. and Waltham, C. E. and Wang, J.-X. and Wark, D. L. and West, N. and Wilhelmy, J. B. and Wilkerson, J. F. and Wilson, J. R. and Wittich, P. and Wouters, J. M. and Yeh, M.},
  collaboration = {SNO},
  journal       = {Phys. Rev. Lett.},
  volume        = {89},
  issue         = {1},
  pages         = {011301},
  numpages      = {6},
  year          = {2002},
  month         = {Jun},
  publisher     = {American Physical Society},
  doi           = {10.1103/PhysRevLett.89.011301}
}
  % url           = {https://link.aps.org/doi/10.1103/PhysRevLett.89.011301}

% PhysRevLett.86.5651
@article{collaborationSolar8BHep2001,
  title         = {{Solar $^{8}B$ and hep Neutrino Measurements from 1258 Days of Super-Kamiokande Data}},
  author        = {Fukuda, S. and Fukuda, Y. and Ishitsuka, M. and Itow, Y. and Kajita, T. and Kameda, J. and Kaneyuki, K. and Kobayashi, K. and Koshio, Y. and Miura, M. and Moriyama, S. and Nakahata, M. and Nakayama, S. and Okada, A. and Sakurai, N. and Shiozawa, M. and Suzuki, Y. and Takeuchi, H. and Takeuchi, Y. and Toshito, T. and Totsuka, Y. and Yamada, S. and Desai, S. and Earl, M. and Kearns, E. and Messier, M. D. and Scholberg, K. and Stone, J. L. and Sulak, L. R. and Walter, C. W. and Goldhaber, M. and Barszczak, T. and Casper, D. and Gajewski, W. and Kropp, W. R. and Mine, S. and Liu, D. W. and Price, L. R. and Smy, M. B. and Sobel, H. W. and Vagins, M. R. and Ganezer, K. S. and Keig, W. E. and Ellsworth, R. W. and Tasaka, S. and Kibayashi, A. and Learned, J. G. and Matsuno, S. and Takemori, D. and Hayato, Y. and Ishii, T. and Kobayashi, T. and Nakamura, K. and Obayashi, Y. and Oyama, Y. and Sakai, A. and Sakuda, M. and Kohama, M. and Suzuki, A. T. and Inagaki, T. and Nakaya, T. and Nishikawa, K. and Haines, T. J. and Blaufuss, E. and Dazeley, S. and Lee, K. B. and Svoboda, R. and Goodman, J. A. and Guillian, G. and Sullivan, G. W. and Turcan, D. and Habig, A. and Hill, J. and Jung, C. K. and Martens, K. and Malek, M. and Mauger, C. and McGrew, C. and Sharkey, E. and Viren, B. and Yanagisawa, C. and Mitsuda, C. and Miyano, K. and Saji, C. and Shibata, T. and Kajiyama, Y. and Nagashima, Y. and Nitta, K. and Takita, M. and Yoshida, M. and Kim, H. I. and Kim, S. B. and Yoo, J. and Okazawa, H. and Ishizuka, T. and Etoh, M. and Gando, Y. and Hasegawa, T. and Inoue, K. and Ishihara, K. and Maruyama, T. and Shirai, J. and Suzuki, A. and Koshiba, M. and Hatakeyama, Y. and Ichikawa, Y. and Koike, M. and Nishijima, K. and Fujiyasu, H. and Ishino, H. and Morii, M. and Watanabe, Y. and Golebiewska, U. and Kielczewska, D. and Boyd, S. C. and Stachyra, A. L. and Wilkes, R. J. and Young, K. K.},
  collaboration = {Super-Kamiokande},
  journal       = {Phys. Rev. Lett.},
  volume        = {86},
  issue         = {25},
  pages         = {5651--5655},
  numpages      = {0},
  year          = {2001},
  month         = {Jun},
  publisher     = {American Physical Society},
  doi           = {10.1103/PhysRevLett.86.5651}
}
  % url           = {https://link.aps.org/doi/10.1103/PhysRevLett.86.5651}

% PhysRevC.80.015807
@article{abdurashitovMeasurementSolarNeutrino2009,
  title         = {{Measurement of the solar neutrino capture rate with gallium metal. III. Results for the 2002--2007 data-taking period}},
  author        = {Abdurashitov, J. N. and Gavrin, V. N. and Gorbachev, V. V. and Gurkina, P. P. and Ibragimova, T. V. and Kalikhov, A. V. and Khairnasov, N. G. and Knodel, T. V. and Mirmov, I. N. and Shikhin, A. A. and Veretenkin, E. P. and Yants, V. E. and Zatsepin, G. T. and Bowles, T. J. and Elliott, S. R. and Teasdale, W. A. and Nico, J. S. and Cleveland, B. T. and Wilkerson, J. F.},
  collaboration = {SAGE},
  journal       = {Phys. Rev. C},
  volume        = {80},
  issue         = {1},
  pages         = {015807},
  numpages      = {16},
  year          = {2009},
  month         = {Jul},
  publisher     = {American Physical Society},
  doi           = {10.1103/PhysRevC.80.015807}
}
  % url           = {https://link.aps.org/doi/10.1103/PhysRevC.80.015807}

% GNO:2005bds
@article{altmannCompleteResultsFive2005,
  author        = {Altmann, M. and others},
  collaboration = {GNO},
  title         = {{Complete results for five years of GNO solar neutrino observations}},
  eprint        = {hep-ex/0504037},
  archiveprefix = {arXiv},
  reportnumber  = {MPI-K-2005-008},
  doi           = {10.1016/j.physletb.2005.04.068},
  journal       = {Phys. Lett. B},
  volume        = {616},
  pages         = {174--190},
  year          = {2005}
}

% PhysRevC.72.055502
@article{snocollaborationElectronEnergySpectra2005,
  title         = {Electron energy spectra, fluxes, and day-night asymmetries of ${}^{8}$B solar neutrinos from measurements with NaCl dissolved in the heavy-water detector at the Sudbury Neutrino Observatory},
  author        = {Aharmim, B. and Ahmed, S. N. and Anthony, A. E. and Beier, E. W. and Bellerive, A. and Bergevin, M. and Biller, S. D. and Boger, J. and Boulay, M. G. and Bowler, M. G. and Bullard, T. V. and Chan, Y. D. and Chen, M. and Chen, X. and Cleveland, B. T. and Cox, G. A. and Currat, C. A. and Dai, X. and Dalnoki-Veress, F. and Deng, H. and Doe, P. J. and Dosanjh, R. S. and Doucas, G. and Duba, C. A. and Duncan, F. A. and Dunford, M. and Dunmore, J. A. and Earle, E. D. and Elliott, S. R. and Evans, H. C. and Ewan, G. T. and Farine, J. and Fergani, H. and Fleurot, F. and Formaggio, J. A. and Frame, K. and Frati, W. and Fulsom, B. G. and Gagnon, N. and Graham, K. and Grant, D. R. and Hahn, R. L. and Hall, J. C. and Hallin, A. L. and Hallman, E. D. and Handler, W. B. and Hargrove, C. K. and Harvey, P. J. and Hazama, R. and Heeger, K. M. and Heelan, L. and Heintzelman, W. J. and Heise, J. and Helmer, R. L. and Hemingway, R. J. and Hime, A. and Howard, C. and Howe, M. A. and Huang, M. and Jagam, P. and Jelley, N. A. and Klein, J. R. and Kormos, L. L. and Kos, M. S. and Kr\"uger, A. and Kraus, C. and Krauss, C. B. and Krumins, A. V. and Kutter, T. and Kyba, C. C. M. and Labranche, H. and Lange, R. and Law, J. and Lawson, I. T. and Lesko, K. T. and Leslie, J. R. and Levine, I. and Loach, J. C. and Luoma, S. and MacLellan, R. and Majerus, S. and Mak, H. B. and Maneira, J. and Marino, A. D. and McCauley, N. and McDonald, A. B. and McGee, S. and McGregor, G. and Mifflin, C. and Miknaitis, K. K. S. and Moffat, B. A. and Nally, C. W. and Neubauer, M. S. and Nickel, B. G. and Noble, A. J. and Norman, E. B. and Oblath, N. S. and Okada, C. E. and Ollerhead, R. W. and Orrell, J. L. and Oser, S. M. and Ouellet, C. and Peeters, S. J. M. and Poon, A. W. P. and Rielage, K. and Robertson, B. C. and Robertson, R. G. H. and Rollin, E. and Rosendahl, S. S. E. and Rusu, V. L. and Schwendener, M. H. and Seibert, S. R. and Simard, O. and Simpson, J. J. and Sims, C. J. and Sinclair, D. and Skensved, P. and Smith, M. W. E. and Starinsky, N. and Stokstad, R. G. and Stonehill, L. C. and Tafirout, R. and Takeuchi, Y. and Te\ifmmode \check{s}\else \v{s}\fi{}i\ifmmode \acute{c}\else \'{c}\fi{}, G. and Thomson, M. and Thorman, M. and Tsui, T. and Berg, R. Van and Water, R. G. Van de and Virtue, C. J. and Wall, B. L. and Waller, D. and Waltham, C. E. and Tseung, H. Wan Chan and Wark, D. L. and Wendland, J. and West, N. and Wilkerson, J. F. and Wilson, J. R. and Wittich, P. and Wouters, J. M. and Wright, A. and Yeh, M. and Zuber, K.},
  collaboration = {SNO},
  journal       = {Phys. Rev. C},
  volume        = {72},
  issue         = {5},
  pages         = {055502},
  numpages      = {47},
  year          = {2005},
  month         = {Nov},
  publisher     = {American Physical Society},
  doi           = {10.1103/PhysRevC.72.055502}
}
  % url           = {https://link.aps.org/doi/10.1103/PhysRevC.72.055502}

% PhysRevD.110.030001
@article{navasReviewParticlePhysics2024,
  title         = {Review of Particle Physics},
  author        = {Navas, S. and Amsler, C. and Gutsche, T. and Hanhart, C. and Hern\'andez-Rey, J. J. and Louren\ifmmode \mbox{\c{c}}\else \c{c}\fi{}o, C. and Masoni, A. and Mikhasenko, M. and Mitchell, R. E. and Patrignani, C. and Schwanda, C. and Spanier, S. and Venanzoni, G. and Yuan, C. Z. and Agashe, K. and Aielli, G. and Allanach, B. C. and Alvarez-Mu\~niz, J. and Antonelli, M. and Aschenauer, E. C. and Asner, D. M. and Assamagan, K. and Baer, H. and Banerjee, Sw. and Barnett, R. M. and Baudis, L. and Bauer, C. W. and Beatty, J. J. and Beringer, J. and Bettini, A. and Biebel, O. and Black, K. M. and Blucher, E. and Bonventre, R. and Briere, R. A. and Buckley, A. and Burkert, V. D. and Bychkov, M. A. and Cahn, R. N. and Cao, Z. and Carena, M. and Casarosa, G. and Ceccucci, A. and Cerri, A. and Chivukula, R. S. and Cowan, G. and Cranmer, K. and Crede, V. and Cremonesi, O. and D'Ambrosio, G. and Damour, T. and de Florian, D. and de Gouv\^ea, A. and DeGrand, T. and Demers, S. and Demiragli, Z. and Dobrescu, B. A. and D'Onofrio, M. and Doser, M. and Dreiner, H. K. and Eerola, P. and Egede, U. and Eidelman, S. and El-Khadra, A. X. and Ellis, J. and Eno, S. C. and Erler, J. and Ezhela, V. V. and Fava, A. and Fetscher, W. and Fields, B. D. and Freitas, A. and Gallagher, H. and Gershon, T. and Gershtein, Y. and Gherghetta, T. and Gonzalez-Garcia, M. C. and Goodman, M. and Grab, C. and Gritsan, A. V. and Grojean, C. and Groom, D. E. and Gr\"unewald, M. and Gurtu, A. and Haber, H. E. and Hamel, M. and Hashimoto, S. and Hayato, Y. and Hebecker, A. and Heinemeyer, S. and Hikasa, K. and Hisano, J. and H\"ocker, A. and Holder, J. and Hsu, L. and Huston, J. and Hyodo, T. and Ianni, Al. and Kado, M. and Karliner, M. and Katz, U. F. and Kenzie, M. and Khoze, V. A. and Klein, S. R. and Krauss, F. and Kreps, M. and Kri\ifmmode \check{z}\else \v{z}\fi{}an, P. and Krusche, B. and Kwon, Y. and Lahav, O. and Lellouch, L. P. and Lesgourgues, J. and Liddle, A. R. and Ligeti, Z. and Lin, C.-J. and Lippmann, C. and Liss, T. M. and Lister, A. and Littenberg, L. and Lugovsky, K. S. and Lugovsky, S. B. and Lusiani, A. and Makida, Y. and Maltoni, F. and Manohar, A. V. and Marciano, W. J. and Matthews, J. and Mei\ss{}ner, U.-G. and Melzer-Pellmann, I.-A. and Mertsch, P. and Miller, D. J. and Milstead, D. and M\"onig, K. and Molaro, P. and Moortgat, F. and Moskovic, M. and Nagata, N. and Nakamura, K. and Narain, M. and Nason, P. and Nelles, A. and Neubert, M. and Nir, Y. and O'Connell, H. B. and O'Hare, C. A. J. and Olive, K. A. and Peacock, J. A. and Pianori, E. and Pich, A. and Piepke, A. and Pietropaolo, F. and Pomarol, A. and Pordes, S. and Profumo, S. and Quadt, A. and Rabbertz, K. and Rademacker, J. and Raffelt, G. and Ramsey-Musolf, M. and Richardson, P. and Ringwald, A. and Robinson, D. J. and Roesler, S. and Rolli, S. and Romaniouk, A. and Rosenberg, L. J and Rosner, J. L. and Rybka, G. and Ryskin, M. G. and Ryutin, R. A. and Safdi, B. and Sakai, Y. and Sarkar, S. and Sauli, F. and Schneider, O. and Sch\"onert, S. and Scholberg, K. and Schwartz, A. J. and Schwiening, J. and Scott, D. and Sefkow, F. and Seljak, U. and Sharma, V. and Sharpe, S. R. and Shiltsev, V. and Signorelli, G. and Silari, M. and Simon, F. and Sj\"ostrand, T. and Skands, P. and Skwarnicki, T. and Smoot, G. F. and Soffer, A. and Sozzi, M. S. and Spiering, C. and Stahl, A. and Sumino, Y. and Takahashi, F. and Tanabashi, M. and Tanaka, J. and Ta\ifmmode \check{s}\else \v{s}\fi{}evsk\'y, M. and Terao, K. and Terashi, K. and Terning, J. and Thoma, U. and Thorne, R. S. and Tiator, L. and Titov, M. and Tovey, D. R. and Trabelsi, K. and Urquijo, P. and Valencia, G. and Van de Water, R. and Varelas, N. and Verde, L. and Vivarelli, I. and Vogel, P. and Vogelsang, W. and Vorobyev, V. and Wakely, S. P. and Walkowiak, W. and Walter, C. W. and Wands, D. and Weinberg, D. H. and Weinberg, E. J. and Wermes, N. and White, M. and Wiencke, L. R. and Willocq, S. and Woody, C. L. and Workman, R. L. and Yao, W.-M. and Yokoyama, M. and Yoshida, R. and Zanderighi, G. and Zeller, G. P. and Zhu, R.-Y. and Zhu, S.-L. and Zimmermann, F. and Zyla, P. A. and Anderson, J. and Kramer, M. and Schaffner, P. and Zheng, W.},
  collaboration = {Particle Data Group},
  journal       = {Phys. Rev. D},
  volume        = {110},
  issue         = {3},
  pages         = {030001},
  numpages      = {5},
  year          = {2024},
  month         = {Aug},
  publisher     = {American Physical Society},
  doi           = {10.1103/PhysRevD.110.030001}
}
  % url           = {https://link.aps.org/doi/10.1103/PhysRevD.110.030001}

@book{zuberNeutrinoPhysics2020,
  title     = {Neutrino Physics},
  author    = {Zuber, K.},
  year      = {2020},
  series    = {Series in High Energy Physics, Cosmology \& Gravitation},
  edition   = {Third edition.},
  publisher = {Taylor \& Francis},
  address   = {Boca Raton, FL},
  abstract  = {When Kai Zuber's pioneering text on neutrinos was published in 2003, the author correctly predicted that the field would see tremendous growth in the immediate future. In that book, Professor Zuber provided a comprehensive self-contained examination of neutrinos, covering their research history and theory, as well as their application to particle physics, astrophysics, nuclear physics, and the broad reach of cosmology; but now to be truly comprehensive and accurate, the field's seminal reference needs to be revised and expanded to include the latest research, conclusions, and implications. Revised as needed to be equal to the research of today, Neutrino Physics, Third Edition delves into neutrino cross-sections, mass measurements, double beta decay, solar neutrinos, neutrinos from supernovae, and high-energy neutrinos, as well as entirely new experimental results in the context of theoretical models. Written to be accessible to graduate students and readers from diverse backgrounds, this edition, like the first, provides both an introduction to the field as well as the information needed by those looking to make their own contributions to it. And like the second edition, it whets the researcher's appetite, going beyond certainty to pose those questions that still need answers. Features Presents the only single-author comprehensive text on neutrino physics Includes experimental and theoretical particle physics and examines solar neutrinos and astroparticle implications Offers details on new developments and recent experiments},
  isbn      = {978-1-351-76457-5},
  langid    = {english},
  keywords  = {Neutrinos}
}

% Branco:1986gr
@article{brancoMajoranaNeutrinosCP1986,
  author       = {Branco, G. C. and Lavoura, L. and Rebelo, M. N.},
  title        = {{Majorana Neutrinos and {CP} Violation in the Leptonic Sector}},
  reportnumber = {IFM-11/86},
  doi          = {10.1016/0370-2693(86)90307-2},
  journal      = {Phys. Lett. B},
  volume       = {180},
  pages        = {264--268},
  year         = {1986}
}

% Mikheev:1986wj
@article{mikheevResonantAmplificationNeutrino1986,
  author  = {Mikheev, S. P. and Smirnov, A. Yu.},
  title   = {{Resonant amplification of neutrino oscillations in matter and solar neutrino spectroscopy}},
  doi     = {10.1007/BF02508049},
  journal = {Nuovo Cim. C},
  volume  = {9},
  pages   = {17--26},
  year    = {1986}
}

% Mikheyev:1985zog
@article{mikheyevResonanceAmplificationOscillations1985,
  author  = {Mikheyev, S. P. and Smirnov, A. Yu.},
  title   = {{Resonance Amplification of Oscillations in Matter and Spectroscopy of Solar Neutrinos}},
  journal = {Sov. J. Nucl. Phys.},
  volume  = {42},
  pages   = {913--917},
  year    = {1985}
}

% PhysRevD.17.2369
@article{wolfensteinNeutrinoOscillationsMatter1978,
  title     = {Neutrino oscillations in matter},
  author    = {Wolfenstein, L.},
  journal   = {Phys. Rev. D},
  volume    = {17},
  issue     = {9},
  pages     = {2369--2374},
  numpages  = {0},
  year      = {1978},
  month     = {May},
  publisher = {American Physical Society},
  doi       = {10.1103/PhysRevD.17.2369}
}
  % url       = {https://link.aps.org/doi/10.1103/PhysRevD.17.2369}

% PhysRevD.98.015025
@article{kellyMatterDensityProfile2018,
  title     = {Matter density profile shape effects at {{DUNE}}},
  author    = {Kelly, Kevin J. and Parke, Stephen J.},
  journal   = {Phys. Rev. D},
  volume    = {98},
  issue     = {1},
  pages     = {015025},
  numpages  = {12},
  year      = {2018},
  month     = {Jul},
  publisher = {American Physical Society},
  doi       = {10.1103/PhysRevD.98.015025}
}
  % url       = {https://link.aps.org/doi/10.1103/PhysRevD.98.015025}

% PhysRevD.69.117301
@article{menaUnifiedGraphicalSummary2004,
  title     = {Unified graphical summary of neutrino mixing parameters},
  author    = {Mena, Olga and Parke, Stephen},
  journal   = {Phys. Rev. D},
  volume    = {69},
  issue     = {11},
  pages     = {117301},
  numpages  = {4},
  year      = {2004},
  month     = {Jun},
  publisher = {American Physical Society},
  doi       = {10.1103/PhysRevD.69.117301}
}
  % url       = {https://link.aps.org/doi/10.1103/PhysRevD.69.117301}

% Super-Kamiokande:2023jbt
@article{collaborationSolarNeutrinoMeasurements2024,
  author        = {Abe, K. and others},
  collaboration = {Super-Kamiokande},
  title         = {{Solar neutrino measurements using the full data period of {{Super-Kamiokande-IV}}}},
  eprint        = {2312.12907},
  archiveprefix = {arXiv},
  primaryclass  = {hep-ex},
  doi           = {10.1103/PhysRevD.109.092001},
  journal       = {Phys. Rev. D},
  volume        = {109},
  number        = {9},
  pages         = {092001},
  year          = {2024}
}

@article{agostiniExperimentalEvidenceNeutrinos2020,
  author        = {Agostini, M. and Altenm{\"u}ller, K. and Appel, S. and Atroshchenko, V. and Bagdasarian, Z. and Basilico, D. and Bellini, G. and Benziger, J. and Biondi, R. and Bravo, D. and Caccianiga, B. and Calaprice, F. and Caminata, A. and Cavalcante, P. and Chepurnov, A. and D'Angelo, D. and Davini, S. and Derbin, A. and Di Giacinto, A. and Di Marcello, V. and Ding, X. F. and Di Ludovico, A. and Di Noto, L. and Drachnev, I. and Formozov, A. and Franco, D. and Galbiati, C. and Ghiano, C. and Giammarchi, M. and Goretti, A. and G{\"o}ttel, A. S. and Gromov, M. and Guffanti, D. and Ianni, Aldo and Ianni, Andrea and Jany, A. and Jeschke, D. and Kobychev, V. and Korga, G. and Kumaran, S. and Laubenstein, M. and Litvinovich, E. and Lombardi, P. and Lomskaya, I. and Ludhova, L. and Lukyanchenko, G. and Lukyanchenko, L. and Machulin, I. and Martyn, J. and Meroni, E. and Meyer, M. and Miramonti, L. and Misiaszek, M. and Muratova, V. and Neumair, B. and Nieslony, M. and Nugmanov, R. and Oberauer, L. and Orekhov, V. and Ortica, F. and Pallavicini, M. and Papp, L. and Pelicci, L. and Penek, {\"O} and Pietrofaccia, L. and Pilipenko, N. and Pocar, A. and Raikov, G. and Ranalli, M. T. and Ranucci, G. and Razeto, A. and Re, A. and Redchuk, M. and Romani, A. and Rossi, N. and Sch{\"o}nert, S. and Semenov, D. and Settanta, G. and Skorokhvatov, M. and Singhal, A. and Smirnov, O. and Sotnikov, A. and Suvorov, Y. and Tartaglia, R. and Testera, G. and Thurn, J. and Unzhakov, E. and Villante, F. L. and Vishneva, A. and Vogelaar, R. B. and von Feilitzsch, F. and Wojcik, M. and Wurm, M. and Zavatarelli, S. and Zuber, K. and Zuzel, G.},
  collaboration = {Borexino},
  title         = {Experimental evidence of neutrinos produced in the {{CNO}} fusion cycle in the {{Sun}}},
  journal       = {Nature},
  year          = {2020},
  month         = {Nov},
  day           = {01},
  volume        = {587},
  number        = {7835},
  pages         = {577-582},
  abstract      = {For most of their existence, stars are fuelled by the fusion of hydrogen into helium. Fusion proceeds via two processes that are well understood theoretically: the proton--proton (pp) chain and the carbon--nitrogen--oxygen (CNO) cycle1,2. Neutrinos that are emitted along such fusion processes in the solar core are the only direct probe of the deep interior of the Sun. A complete spectroscopic study of neutrinos from the pp chain, which produces about 99 per cent of the solar energy, has been performed previously3; however, there has been no reported experimental evidence of the CNO cycle. Here we report the direct observation, with a high statistical significance, of neutrinos produced in the CNO cycle in the Sun. This experimental evidence was obtained using the highly radiopure, large-volume, liquid-scintillator detector of Borexino, an experiment located at the underground Laboratori Nazionali del Gran Sasso in Italy. The main experimental challenge was to identify the excess signal---only a few counts per day above the background per 100 tonnes of target---that is attributed to interactions of the CNO neutrinos. Advances in the thermal stabilization of the detector over the last five years enabled us to develop a method to constrain the rate of bismuth-210 contaminating the scintillator. In the CNO cycle, the fusion of hydrogen is catalysed by carbon, nitrogen and oxygen, and so its rate---as well as the flux of emitted CNO neutrinos---depends directly on the abundance of these elements in the solar core. This result therefore paves the way towards a direct measurement of the solar metallicity using CNO neutrinos. Our findings quantify the relative contribution of CNO fusion in the Sun to be of the order of 1 per cent; however, in massive stars, this is the dominant process of energy production. This work provides experimental evidence of the primary mechanism for the stellar conversion of hydrogen into helium in the Universe.},
  issn          = {1476-4687},
  doi           = {10.1038/s41586-020-2934-0}
}
  % url           = {https://doi.org/10.1038/s41586-020-2934-0}

% PhysRevC.92.055808
@article{kamlandcollaboration$^7mathrmBe$SolarNeutrino2015,
  title         = {{$^{7}\mathrm{Be}$ solar neutrino measurement with KamLAND}},
  author        = {Gando, A. and Gando, Y. and Hanakago, H. and Ikeda, H. and Inoue, K. and Ishidoshiro, K. and Ishikawa, H. and Kishimoto, Y. and Koga, M. and Matsuda, R. and Matsuda, S. and Mitsui, T. and Motoki, D. and Nakajima, K. and Nakamura, K. and Obata, A. and Oki, A. and Oki, Y. and Otani, M. and Shimizu, I. and Shirai, J. and Suzuki, A. and Tamae, K. and Ueshima, K. and Watanabe, H. and Xu, B. D. and Yamada, S. and Yamauchi, Y. and Yoshida, H. and Kozlov, A. and Takemoto, Y. and Yoshida, S. and Grant, C. and Keefer, G. and McKee, D. W. and Piepke, A. and Banks, T. I. and Bloxham, T. and Freedman, S. J. and Fujikawa, B. K. and Han, K. and Hsu, L. and Ichimura, K. and Murayama, H. and O'Donnell, T. and Steiner, H. M. and Winslow, L. A. and Dwyer, D. and Mauger, C. and McKeown, R. D. and Zhang, C. and Berger, B. E. and Lane, C. E. and Maricic, J. and Miletic, T. and Learned, J. G. and Sakai, M. and Horton-Smith, G. A. and Tang, A. and Downum, K. E. and Tolich, K. and Efremenko, Y. and Kamyshkov, Y. and Perevozchikov, O. and Karwowski, H. J. and Markoff, D. M. and Tornow, W. and Detwiler, J. A. and Enomoto, S. and Heeger, K. and Decowski, M. P.},
  collaboration = {KamLAND},
  journal       = {Phys. Rev. C},
  volume        = {92},
  issue         = {5},
  pages         = {055808},
  numpages      = {8},
  year          = {2015},
  month         = {Nov},
  publisher     = {American Physical Society},
  doi           = {10.1103/PhysRevC.92.055808}
}
  % url           = {https://link.aps.org/doi/10.1103/PhysRevC.92.055808}

% MACRO:2001fie
@article{collaborationMatterEffectsUpwardGoing2001,
  author        = {Ambrosio, M. and others},
  collaboration = {MACRO},
  title         = {{Matter effects in upward going muons and sterile neutrino oscillations}},
  eprint        = {hep-ex/0106049},
  archiveprefix = {arXiv},
  doi           = {10.1016/S0370-2693(01)00992-3},
  journal       = {Phys. Lett. B},
  volume        = {517},
  pages         = {59--66},
  year          = {2001}
}

% PhysRevLett.112.061802
@article{abeObservationElectronNeutrino2014,
  title         = {{Observation of Electron Neutrino Appearance in a Muon Neutrino Beam}},
  author        = {Abe, K. and Adam, J. and Aihara, H. and Akiri, T. and Andreopoulos, C. and Aoki, S. and Ariga, A. and Ariga, T. and Assylbekov, S. and Autiero, D. and Barbi, M. and Barker, G. J. and Barr, G. and Bass, M. and Batkiewicz, M. and Bay, F. and Bentham, S. W. and Berardi, V. and Berger, B. E. and Berkman, S. and Bertram, I. and Bhadra, S. and Blaszczyk, F. d. M. and Blondel, A. and Bojechko, C. and Bordoni, S. and Boyd, S. B. and Brailsford, D. and Bravar, A. and Bronner, C. and Buchanan, N. and Calland, R. G. and Caravaca Rodr\'{\i}guez, J. and Cartwright, S. L. and Castillo, R. and Catanesi, M. G. and Cervera, A. and Cherdack, D. and Christodoulou, G. and Clifton, A. and Coleman, J. and Coleman, S. J. and Collazuol, G. and Connolly, K. and Cremonesi, L. and Dabrowska, A. and Danko, I. and Das, R. and Davis, S. and de Perio, P. and De Rosa, G. and Dealtry, T. and Dennis, S. R. and Densham, C. and Di Lodovico, F. and Di Luise, S. and Drapier, O. and Duboyski, T. and Duffy, K. and Dufour, F. and Dumarchez, J. and Dytman, S. and Dziewiecki, M. and Emery, S. and Ereditato, A. and Escudero, L. and Finch, A. J. and Floetotto, L. and Friend, M. and Fujii, Y. and Fukuda, Y. and Furmanski, A. P. and Galymov, V. and Gaudin, A. and Giffin, S. and Giganti, C. and Gilje, K. and Goeldi, D. and Golan, T. and Gomez-Cadenas, J. J. and Gonin, M. and Grant, N. and Gudin, D. and Hadley, D. R. and Haesler, A. and Haigh, M. D. and Hamilton, P. and Hansen, D. and Hara, T. and Hartz, M. and Hasegawa, T. and Hastings, N. C. and Hayato, Y. and Hearty, C. and Helmer, R. L. and Hierholzer, M. and Hignight, J. and Hillairet, A. and Himmel, A. and Hiraki, T. and Hirota, S. and Holeczek, J. and Horikawa, S. and Huang, K. and Ichikawa, A. K. and Ieki, K. and Ieva, M. and Ikeda, M. and Imber, J. and Insler, J. and Irvine, T. J. and Ishida, T. and Ishii, T. and Ives, S. J. and Iyogi, K. and Izmaylov, A. and Jacob, A. and Jamieson, B. and Johnson, R. A. and Jo, J. H. and Jonsson, P. and Jung, C. K. and Kaboth, A. C. and Kajita, T. and Kakuno, H. and Kameda, J. and Kanazawa, Y. and Karlen, D. and Karpikov, I. and Kearns, E. and Khabibullin, M. and Khotjantsev, A. and Kielczewska, D. and Kikawa, T. and Kilinski, A. and Kim, J. and Kisiel, J. and Kitching, P. and Kobayashi, T. and Koch, L. and Kolaceke, A. and Konaka, A. and Kormos, L. L. and Korzenev, A. and Koseki, K. and Koshio, Y. and Kreslo, I. and Kropp, W. and Kubo, H. and Kudenko, Y. and Kumaratunga, S. and Kurjata, R. and Kutter, T. and Lagoda, J. and Laihem, K. and Lamont, I. and Laveder, M. and Lawe, M. and Lazos, M. and Lee, K. P. and Licciardi, C. and Lindner, T. and Lister, C. and Litchfield, R. P. and Longhin, A. and Ludovici, L. and Macaire, M. and Magaletti, L. and Mahn, K. and Malek, M. and Manly, S. and Marino, A. D. and Marteau, J. and Martin, J. F. and Maruyama, T. and Marzec, J. and Mathie, E. L. and Matveev, V. and Mavrokoridis, K. and Mazzucato, E. and McCarthy, M. and McCauley, N. and McFarland, K. S. and McGrew, C. and Metelko, C. and Mezzetto, M. and Mijakowski, P. and Miller, C. A. and Minamino, A. and Mineev, O. and Mine, S. and Missert, A. and Miura, M. and Monfregola, L. and Moriyama, S. and Mueller, Th. A. and Murakami, A. and Murdoch, M. and Murphy, S. and Myslik, J. and Nagasaki, T. and Nakadaira, T. and Nakahata, M. and Nakai, T. and Nakamura, K. and Nakayama, S. and Nakaya, T. and Nakayoshi, K. and Naples, D. and Nielsen, C. and Nirkko, M. and Nishikawa, K. and Nishimura, Y. and O'Keeffe, H. M. and Ohta, R. and Okumura, K. and Okusawa, T. and Oryszczak, W. and Oser, S. M. and Owen, R. A. and Oyama, Y. and Palladino, V. and Paolone, V. and Payne, D. and Pearce, G. F. and Perevozchikov, O. and Perkin, J. D. and Petrov, Y. and Pickard, L. J. and Pinzon Guerra, E. S. and Pistillo, C. and Plonski, P. and Poplawska, E. and Popov, B. and Posiadala, M. and Poutissou, J.-M. and Poutissou, R. and Przewlocki, P. and Quilain, B. and Radicioni, E. and Ratoff, P. N. and Ravonel, M. and Rayner, M. A. M. and Redij, A. and Reeves, M. and Reinherz-Aronis, E. and Retiere, F. and Robert, A. and Rodrigues, P. A. and Rojas, P. and Rondio, E. and Roth, S. and Rubbia, A. and Ruterbories, D. and Sacco, R. and Sakashita, K. and S\'anchez, F. and Sato, F. and Scantamburlo, E. and Scholberg, K. and Schwehr, J. and Scott, M. and Seiya, Y. and Sekiguchi, T. and Sekiya, H. and Sgalaberna, D. and Shiozawa, M. and Short, S. and Shustrov, Y. and Sinclair, P. and Smith, B. and Smith, R. J. and Smy, M. and Sobczyk, J. T. and Sobel, H. and Sorel, M. and Southwell, L. and Stamoulis, P. and Steinmann, J. and Still, B. and Suda, Y. and Suzuki, A. and Suzuki, K. and Suzuki, S. Y. and Suzuki, Y. and Szeglowski, T. and Tacik, R. and Tada, M. and Takahashi, S. and Takeda, A. and Takeuchi, Y. and Tanaka, H. K. and Tanaka, H. A. and Tanaka, M. M. and Terhorst, D. and Terri, R. and Thompson, L. F. and Thorley, A. and Tobayama, S. and Toki, W. and Tomura, T. and Totsuka, Y. and Touramanis, C. and Tsukamoto, T. and Tzanov, M. and Uchida, Y. and Ueno, K. and Vacheret, A. and Vagins, M. and Vasseur, G. and Wachala, T. and Waldron, A. V. and Walter, C. W. and Wark, D. and Wascko, M. O. and Weber, A. and Wendell, R. and Wilkes, R. J. and Wilking, M. J. and Wilkinson, C. and Williamson, Z. and Wilson, J. R. and Wilson, R. J. and Wongjirad, T. and Yamada, Y. and Yamamoto, K. and Yanagisawa, C. and Yen, S. and Yershov, N. and Yokoyama, M. and Yuan, T. and Zalewska, A. and Zalipska, J. and Zambelli, L. and Zaremba, K. and Ziembicki, M. and Zimmerman, E. D. and Zito, M. and \ifmmode \dot{Z}\else \.{Z}\fi{}muda, J.},
  collaboration = {T2K},
  journal       = {Phys. Rev. Lett.},
  volume        = {112},
  issue         = {6},
  pages         = {061802},
  numpages      = {8},
  year          = {2014},
  month         = {Feb},
  publisher     = {American Physical Society},
  doi           = {10.1103/PhysRevLett.112.061802}
}
  % url           = {https://link.aps.org/doi/10.1103/PhysRevLett.112.061802}

% T2K:2023smv
@article{collaborationMeasurementsNeutrinoOscillation2023,
  author        = {Abe, K. and others},
  collaboration = {T2K},
  title         = {{Measurements of neutrino oscillation parameters from the T2K experiment using $3.6\times 10^{21}$ protons on target}},
  eprint        = {2303.03222},
  archiveprefix = {arXiv},
  primaryclass  = {hep-ex},
  doi           = {10.1140/epjc/s10052-023-11819-x},
  journal       = {Eur. Phys. J. C},
  volume        = {83},
  number        = {9},
  pages         = {782},
  year          = {2023}
}

% PhysRevLett.118.231801
@article{collaborationConstraintsOscillationParameters2017,
  title         = {{Constraints on Oscillation Parameters from ${\ensuremath{\nu}}_{e}$ Appearance and ${\ensuremath{\nu}}_{\ensuremath{\mu}}$ Disappearance in NOvA}},
  author        = {Adamson, P. and Aliaga, L. and Ambrose, D. and Anfimov, N. and Antoshkin, A. and Arrieta-Diaz, E. and Augsten, K. and Aurisano, A. and Backhouse, C. and Baird, M. and Bambah, B. A. and Bays, K. and Behera, B. and Bending, S. and Bernstein, R. and Bhatnagar, V. and Bhuyan, B. and Bian, J. and Blackburn, T. and Bolshakova, A. and Bromberg, C. and Brown, J. and Brunetti, G. and Buchanan, N. and Butkevich, A. and Bychkov, V. and Campbell, M. and Catano-Mur, E. and Childress, S. and Choudhary, B. C. and Chowdhury, B. and Coan, T. E. and Coelho, J. A. B. and Colo, M. and Cooper, J. and Corwin, L. and Cremonesi, L. and Cronin-Hennessy, D. and Davies, G. S. and Davies, J. P. and Derwent, P. F. and Dharmapalan, R. and Ding, P. and Djurcic, Z. and Dukes, E. C. and Duyang, H. and Edayath, S. and Ehrlich, R. and Feldman, G. J. and Frank, M. J. and Gabrielyan, M. and Gallagher, H. R. and Germani, S. and Ghosh, T. and Giri, A. and Gomes, R. A. and Goodman, M. C. and Grichine, V. and Group, R. and Grover, D. and Guo, B. and Habig, A. and Hartnell, J. and Hatcher, R. and Hatzikoutelis, A. and Heller, K. and Himmel, A. and Holin, A. and Hylen, J. and Jediny, F. and Judah, M. and Kafka, G. K. and Kalra, D. and Kasahara, S. M. S. and Kasetti, S. and Keloth, R. and Kolupaeva, L. and Kotelnikov, S. and Kourbanis, I. and Kreymer, A. and Kumar, A. and Kurbanov, S. and Lang, K. and Lee, W. M. and Lin, S. and Liu, J. and Lokajicek, M. and Lozier, J. and Luchuk, S. and Maan, K. and Magill, S. and Mann, W. A. and Marshak, M. L. and Matera, K. and Matveev, V. and M\'endez, D. P. and Messier, M. D. and Meyer, H. and Miao, T. and Miller, W. H. and Mishra, S. R. and Mohanta, R. and Moren, A. and Mualem, L. and Muether, M. and Mufson, S. and Murphy, R. and Musser, J. and Nelson, J. K. and Nichol, R. and Niner, E. and Norman, A. and Nosek, T. and Oksuzian, Y. and Olshevskiy, A. and Olson, T. and Paley, J. and Pandey, P. and Patterson, R. B. and Pawloski, G. and Pershey, D. and Petrova, O. and Petti, R. and Phan-Budd, S. and Plunkett, R. K. and Poling, R. and Potukuchi, B. and Principato, C. and Psihas, F. and Radovic, A. and Rameika, R. A. and Rebel, B. and Reed, B. and Rocco, D. and Rojas, P. and Ryabov, V. and Sachdev, K. and Sail, P. and Samoylov, O. and Sanchez, M. C. and Schroeter, R. and Sepulveda-Quiroz, J. and Shanahan, P. and Sheshukov, A. and Singh, J. and Singh, J. and Singh, P. and Singh, V. and Smolik, J. and Solomey, N. and Song, E. and Sousa, A. and Soustruznik, K. and Strait, M. and Suter, L. and Talaga, R. L. and Tamsett, M. C. and Tas, P. and Thayyullathil, R. B. and Thomas, J. and Tian, X. and Tognini, S. C. and Tripathi, J. and Tsaris, A. and Urheim, J. and Vahle, P. and Vasel, J. and Vinton, L. and Vold, A. and Vrba, T. and Wang, B. and Wetstein, M. and Whittington, D. and Wojcicki, S. G. and Wolcott, J. and Yadav, N. and Yang, S. and Zalesak, J. and Zamorano, B. and Zwaska, R.},
  collaboration = {NOvA},
  journal       = {Phys. Rev. Lett.},
  volume        = {118},
  issue         = {23},
  pages         = {231801},
  numpages      = {7},
  year          = {2017},
  month         = {Jun},
  publisher     = {American Physical Society},
  doi           = {10.1103/PhysRevLett.118.231801}
}
  % url           = {https://link.aps.org/doi/10.1103/PhysRevLett.118.231801}

% PhysRevLett.90.021802
@article{collaborationFirstResultsKamLAND2003,
  title         = {{First Results from KamLAND: Evidence for Reactor Antineutrino Disappearance}},
  author        = {Eguchi, K. and Enomoto, S. and Furuno, K. and Goldman, J. and Hanada, H. and Ikeda, H. and Ikeda, K. and Inoue, K. and Ishihara, K. and Itoh, W. and Iwamoto, T. and Kawaguchi, T. and Kawashima, T. and Kinoshita, H. and Kishimoto, Y. and Koga, M. and Koseki, Y. and Maeda, T. and Mitsui, T. and Motoki, M. and Nakajima, K. and Nakajima, M. and Nakajima, T. and Ogawa, H. and Owada, K. and Sakabe, T. and Shimizu, I. and Shirai, J. and Suekane, F. and Suzuki, A. and Tada, K. and Tajima, O. and Takayama, T. and Tamae, K. and Watanabe, H. and Busenitz, J. and Djurcic, Z. and McKinny, K. and Mei, D.-M. and Piepke, A. and Yakushev, E. and Berger, B. E. and Chan, Y. D. and Decowski, M. P. and Dwyer, D. A. and Freedman, S. J. and Fu, Y. and Fujikawa, B. K. and Heeger, K. M. and Lesko, K. T. and Luk, K.-B. and Murayama, H. and Nygren, D. R. and Okada, C. E. and Poon, A. W. P. and Steiner, H. M. and Winslow, L. A. and Horton-Smith, G. A. and McKeown, R. D. and Ritter, J. and Tipton, B. and Vogel, P. and Lane, C. E. and Miletic, T. and Gorham, P. W. and Guillian, G. and Learned, J. G. and Maricic, J. and Matsuno, S. and Pakvasa, S. and Dazeley, S. and Hatakeyama, S. and Murakami, M. and Svoboda, R. C. and Dieterle, B. D. and DiMauro, M. and Detwiler, J. and Gratta, G. and Ishii, K. and Tolich, N. and Uchida, Y. and Batygov, M. and Bugg, W. and Cohn, H. and Efremenko, Y. and Kamyshkov, Y. and Kozlov, A. and Nakamura, Y. and Braeckeleer, L. De and Gould, C. R. and Karwowski, H. J. and Markoff, D. M. and Messimore, J. A. and Nakamura, K. and Rohm, R. M. and Tornow, W. and Young, A. R. and Wang, Y.-F.},
  collaboration = {KamLAND},
  journal       = {Phys. Rev. Lett.},
  volume        = {90},
  issue         = {2},
  pages         = {021802},
  numpages      = {6},
  year          = {2003},
  month         = {Jan},
  publisher     = {American Physical Society},
  doi           = {10.1103/PhysRevLett.90.021802}
}
  % url           = {https://link.aps.org/doi/10.1103/PhysRevLett.90.021802}

% PhysRevLett.108.131801
@article{abeIndicationDisappearanceReactor2012,
  title         = {{Indication of Reactor ${\overline{\ensuremath{\nu}}}_{e}$ Disappearance in the Double Chooz Experiment}},
  author        = {Abe, Y. and Aberle, C. and Akiri, T. and dos Anjos, J. C. and Ardellier, F. and Barbosa, A. F. and Baxter, A. and Bergevin, M. and Bernstein, A. and Bezerra, T. J. C. and Bezrukhov, L. and Blucher, E. and Bongrand, M. and Bowden, N. S. and Buck, C. and Busenitz, J. and Cabrera, A. and Caden, E. and Camilleri, L. and Carr, R. and Cerrada, M. and Chang, P.-J. and Chimenti, P. and Classen, T. and Collin, A. P. and Conover, E. and Conrad, J. M. and Cormon, S. and Crespo-Anad\'on, J. I. and Cribier, M. and Crum, K. and Cucoanes, A. and D'Agostino, M. V. and Damon, E. and Dawson, J. V. and Dazeley, S. and Dierckxsens, M. and Dietrich, D. and Djurcic, Z. and Dracos, M. and Durand, V. and Efremenko, Y. and Elnimr, M. and Endo, Y. and Etenko, A. and Falk, E. and Fallot, M. and Fechner, M. and von Feilitzsch, F. and Felde, J. and Fernandes, S. M. and Franco, D. and Franke, A. J. and Franke, M. and Furuta, H. and Gama, R. and Gil-Botella, I. and Giot, L. and G\"oger-Neff, M. and Gonzalez, L. F. G. and Goodman, M. C. and Goon, J. TM. and Greiner, D. and Guillon, B. and Haag, N. and Hagner, C. and Hara, T. and Hartmann, F. X. and Hartnell, J. and Haruna, T. and Haser, J. and Hatzikoutelis, A. and Hayakawa, T. and Hofmann, M. and Horton-Smith, G. A. and Ishitsuka, M. and Jochum, J. and Jollet, C. and Jones, C. L. and Kaether, F. and Kalousis, L. and Kamyshkov, Y. and Kaplan, D. M. and Kawasaki, T. and Keefer, G. and Kemp, E. and de Kerret, H. and Kibe, Y. and Konno, T. and Kryn, D. and Kuze, M. and Lachenmaier, T. and Lane, C. E. and Langbrandtner, C. and Lasserre, T. and Letourneau, A. and Lhuillier, D. and Lima, H. P. and Lindner, M. and Liu, Y. and L\'opez-Castan\~o, J. M. and LoSecco, J. M. and Lubsandorzhiev, B. K. and Lucht, S. and McKee, D. and Maeda, J. and Maesano, C. N. and Mariani, C. and Maricic, J. and Martino, J. and Matsubara, T. and Mention, G. and Meregaglia, A. and Miletic, T. and Milincic, R. and Milzstajn, A. and Miyata, H. and Motta, D. and Mueller, Th. A. and Nagasaka, Y. and Nakajima, K. and Novella, P. and Obolensky, M. and Oberauer, L. and Onillon, A. and Osborn, A. and Ostrovskiy, I. and Palomares, C. and Peeters, S. J. M. and Pepe, I. M. and Perasso, S. and Perrin, P. and Pfahler, P. and Porta, A. and Potzel, W. and Queval, R. and Reichenbacher, J. and Reinhold, B. and Remoto, A. and Reyna, D. and R\"ohling, M. and Roth, S. and Rubin, H. A. and Sakamoto, Y. and Santorelli, R. and Sato, F. and Sch\"onert, S. and Schoppmann, S. and Schwan, U. and Schwetz, T. and Shaevitz, M. H. and Shrestha, D. and Sida, J-L. and Sinev, V. and Skorokhvatov, M. and Smith, E. and Spitz, J. and Stahl, A. and Stancu, I. and Strait, M. and St\"uken, A. and Suekane, F. and Sukhotin, S. and Sumiyoshi, T. and Sun, Y. and Sun, Z. and Svoboda, R. and Tabata, H. and Tamura, N. and Terao, K. and Tonazzo, A. and Toups, M. and Trinh Thi, H. H. and Veyssiere, C. and Wagner, S. and Watanabe, H. and White, B. and Wiebusch, C. and Winslow, L. and Worcester, M. and Wurm, M. and Yanovitch, E. and Yermia, F. and Zbiri, K. and Zimmer, V.},
  collaboration = {Double Chooz},
  journal       = {Phys. Rev. Lett.},
  volume        = {108},
  issue         = {13},
  pages         = {131801},
  numpages      = {7},
  year          = {2012},
  month         = {Mar},
  publisher     = {American Physical Society},
  doi           = {10.1103/PhysRevLett.108.131801}
}
  % url           = {https://link.aps.org/doi/10.1103/PhysRevLett.108.131801}

% PhysRevLett.108.171803
@article{anObservationElectronantineutrinoDisappearance2012,
  title     = {{Observation of Electron-Antineutrino Disappearance at Daya Bay}},
  author    = {An, F. P. and Bai, J. Z. and Balantekin, A. B. and Band, H. R. and Beavis, D. and Beriguete, W. and Bishai, M. and Blyth, S. and Boddy, K. and Brown, R. L. and Cai, B. and Cao, G. F. and Cao, J. and Carr, R. and Chan, W. T. and Chang, J. F. and Chang, Y. and Chasman, C. and Chen, H. S. and Chen, H. Y. and Chen, S. J. and Chen, S. M. and Chen, X. C. and Chen, X. H. and Chen, X. S. and Chen, Y. and Chen, Y. X. and Cherwinka, J. J. and Chu, M. C. and Cummings, J. P. and Deng, Z. Y. and Ding, Y. Y. and Diwan, M. V. and Dong, L. and Draeger, E. and Du, X. F. and Dwyer, D. A. and Edwards, W. R. and Ely, S. R. and Fang, S. D. and Fu, J. Y. and Fu, Z. W. and Ge, L. Q. and Ghazikhanian, V. and Gill, R. L. and Goett, J. and Gonchar, M. and Gong, G. H. and Gong, H. and Gornushkin, Y. A. and Greenler, L. S. and Gu, W. Q. and Guan, M. Y. and Guo, X. H. and Hackenburg, R. W. and Hahn, R. L. and Hans, S. and He, M. and He, Q. and He, W. S. and Heeger, K. M. and Heng, Y. K. and Hinrichs, P. and Ho, T. H. and Hor, Y. K. and Hsiung, Y. B. and Hu, B. Z. and Hu, T. and Hu, T. and Huang, H. X. and Huang, H. Z. and Huang, P. W. and Huang, X. and Huang, X. T. and Huber, P. and Isvan, Z. and Jaffe, D. E. and Jetter, S. and Ji, X. L. and Ji, X. P. and Jiang, H. J. and Jiang, W. Q. and Jiao, J. B. and Johnson, R. A. and Kang, L. and Kettell, S. H. and Kramer, M. and Kwan, K. K. and Kwok, M. W. and Kwok, T. and Lai, C. Y. and Lai, W. C. and Lai, W. H. and Lau, K. and Lebanowski, L. and Lee, J. and Lee, M. K. P. and Leitner, R. and Leung, J. K. C. and Leung, K. Y. and Lewis, C. A. and Li, B. and Li, F. and Li, G. S. and Li, J. and Li, Q. J. and Li, S. F. and Li, W. D. and Li, X. B. and Li, X. N. and Li, X. Q. and Li, Y. and Li, Z. B. and Liang, H. and Liang, J. and Lin, C. J. and Lin, G. L. and Lin, S. K. and Lin, S. X. and Lin, Y. C. and Ling, J. J. and Link, J. M. and Littenberg, L. and Littlejohn, B. R. and Liu, B. J. and Liu, C. and Liu, D. W. and Liu, H. and Liu, J. C. and Liu, J. L. and Liu, S. and Liu, X. and Liu, Y. B. and Lu, C. and Lu, H. Q. and Luk, A. and Luk, K. B. and Luo, T. and Luo, X. L. and Ma, L. H. and Ma, Q. M. and Ma, X. B. and Ma, X. Y. and Ma, Y. Q. and Mayes, B. and McDonald, K. T. and McFarlane, M. C. and McKeown, R. D. and Meng, Y. and Mohapatra, D. and Morgan, J. E. and Nakajima, Y. and Napolitano, J. and Naumov, D. and Nemchenok, I. and Newsom, C. and Ngai, H. Y. and Ngai, W. K. and Nie, Y. B. and Ning, Z. and Ochoa-Ricoux, J. P. and Oh, D. and Olshevski, A. and Pagac, A. and Patton, S. and Pearson, C. and Pec, V. and Peng, J. C. and Piilonen, L. E. and Pinsky, L. and Pun, C. S. J. and Qi, F. Z. and Qi, M. and Qian, X. and Raper, N. and Rosero, R. and Roskovec, B. and Ruan, X. C. and Seilhan, B. and Shao, B. B. and Shih, K. and Steiner, H. and Stoler, P. and Sun, G. X. and Sun, J. L. and Tam, Y. H. and Tanaka, H. K. and Tang, X. and Themann, H. and Torun, Y. and Trentalange, S. and Tsai, O. and Tsang, K. V. and Tsang, R. H. M. and Tull, C. and Viren, B. and Virostek, S. and Vorobel, V. and Wang, C. H. and Wang, L. S. and Wang, L. Y. and Wang, L. Z. and Wang, M. and Wang, N. Y. and Wang, R. G. and Wang, T. and Wang, W. and Wang, X. and Wang, X. and Wang, Y. F. and Wang, Z. and Wang, Z. and Wang, Z. M. and Webber, D. M. and Wei, Y. D. and Wen, L. J. and Wenman, D. L. and Whisnant, K. and White, C. G. and Whitehead, L. and Whitten, C. A. and Wilhelmi, J. and Wise, T. and Wong, H. C. and Wong, H. L. H. and Wong, J. and Worcester, E. T. and Wu, F. F. and Wu, Q. and Xia, D. M. and Xiang, S. T. and Xiao, Q. and Xing, Z. Z. and Xu, G. and Xu, J. and Xu, J. and Xu, J. L. and Xu, W. and Xu, Y. and Xue, T. and Yang, C. G. and Yang, L. and Ye, M. and Yeh, M. and Yeh, Y. S. and Yip, K. and Young, B. L. and Yu, Z. Y. and Zhan, L. and Zhang, C. and Zhang, F. H. and Zhang, J. W. and Zhang, Q. M. and Zhang, K. and Zhang, Q. X. and Zhang, S. H. and Zhang, Y. C. and Zhang, Y. H. and Zhang, Y. X. and Zhang, Z. J. and Zhang, Z. P. and Zhang, Z. Y. and Zhao, J. and Zhao, Q. W. and Zhao, Y. B. and Zheng, L. and Zhong, W. L. and Zhou, L. and Zhou, Z. Y. and Zhuang, H. L. and Zou, J. H.},
  journal   = {Phys. Rev. Lett.},
  volume    = {108},
  issue     = {17},
  pages     = {171803},
  numpages  = {7},
  year      = {2012},
  month     = {Apr},
  publisher = {American Physical Society},
  doi       = {10.1103/PhysRevLett.108.171803}
}
  % url       = {https://link.aps.org/doi/10.1103/PhysRevLett.108.171803}

% PhysRevLett.108.191802
@article{kimObservationReactorElectron2012,
  title         = {{Observation of Reactor Electron Antineutrinos Disappearance in the RENO Experiment}},
  author        = {Ahn, J. K. and Chebotaryov, S. and Choi, J. H. and Choi, S. and Choi, W. and Choi, Y. and Jang, H. I. and Jang, J. S. and Jeon, E. J. and Jeong, I. S. and Joo, K. K. and Kim, B. R. and Kim, B. C. and Kim, H. S. and Kim, J. Y. and Kim, S. B. and Kim, S. H. and Kim, S. Y. and Kim, W. and Kim, Y. D. and Lee, J. and Lee, J. K. and Lim, I. T. and Ma, K. J. and Pac, M. Y. and Park, I. G. and Park, J. S. and Park, K. S. and Shin, J. W. and Siyeon, K. and Yang, B. S. and Yeo, I. S. and Yi, S. H. and Yu, I.},
  collaboration = {RENO},
  journal       = {Phys. Rev. Lett.},
  volume        = {108},
  issue         = {19},
  pages         = {191802},
  numpages      = {6},
  year          = {2012},
  month         = {May},
  publisher     = {American Physical Society},
  doi           = {10.1103/PhysRevLett.108.191802}
}
  % url           = {https://link.aps.org/doi/10.1103/PhysRevLett.108.191802}

@article{PhysRevLett.9.36,
  title     = {{Observation of High-Energy Neutrino Reactions and the Existence of Two Kinds of Neutrinos}},
  author    = {Danby, G. and Gaillard, J-M. and Goulianos, K. and Lederman, L. M. and Mistry, N. and Schwartz, M. and Steinberger, J.},
  journal   = {Phys. Rev. Lett.},
  volume    = {9},
  issue     = {1},
  pages     = {36--44},
  numpages  = {0},
  year      = {1962},
  month     = {Jul},
  publisher = {American Physical Society},
  doi       = {10.1103/PhysRevLett.9.36}
}

@article{Giunti:2021kab,
  author        = {Giunti, C. and Li, Y. F. and Ternes, C. A. and Xin, Z.},
  title         = {{Reactor antineutrino anomaly in light of recent flux model refinements}},
  eprint        = {2110.06820},
  archiveprefix = {arXiv},
  primaryclass  = {hep-ph},
  doi           = {10.1016/j.physletb.2022.137054},
  journal       = {Phys. Lett. B},
  volume        = {829},
  pages         = {137054},
  year          = {2022}
}

@inproceedings{Lipari:1996bi,
  author    = {Lipari, P.},
  title     = {{The Atmospheric neutrino problem}},
  booktitle = {{8th Rencontres de Blois on Neutrinos, Dark Matter and the Universe}},
  month     = {6},
  year      = {1996}
}

@article{Borexino:2019mhy,
  author        = {Agarwalla, S. K. and others},
  collaboration = {Borexino},
  title         = {{Constraints on flavor-diagonal non-standard neutrino interactions from Borexino Phase-II}},
  eprint        = {1905.03512},
  archiveprefix = {arXiv},
  primaryclass  = {hep-ph},
  reportnumber  = {IP/BBSR/2019-2},
  doi           = {10.1007/JHEP02(2020)038},
  journal       = {JHEP},
  volume        = {02},
  pages         = {038},
  year          = {2020}
}

@article{BOREXINO:2020hox,
  author        = {Agostini, M. and others},
  collaboration = {BOREXINO},
  title         = {{Sensitivity to neutrinos from the solar CNO cycle in Borexino}},
  eprint        = {2005.12829},
  archiveprefix = {arXiv},
  primaryclass  = {hep-ex},
  reportnumber  = {BX-DocDB-674},
  doi           = {10.1140/epjc/s10052-020-08534-2},
  journal       = {Eur. Phys. J. C},
  volume        = {80},
  number        = {11},
  pages         = {1091},
  year          = {2020}
}

@article{Kumaran:2021lvv,
  author        = {Kumaran, Sindhujha and Ludhova, Livia and Penek, {\"O}mer and Settanta, Giulio},
  title         = {{Borexino Results on Neutrinos from the Sun and Earth}},
  eprint        = {2105.13858},
  archiveprefix = {arXiv},
  primaryclass  = {hep-ex},
  doi           = {10.3390/universe7070231},
  journal       = {Universe},
  volume        = {7},
  number        = {7},
  pages         = {231},
  year          = {2021}
}

@article{JUNO:2023zty,
  author        = {Abusleme, Angel and others},
  collaboration = {JUNO},
  title         = {{JUNO sensitivity to $^{7}$Be, pep, and CNO solar neutrinos}},
  eprint        = {2303.03910},
  archiveprefix = {arXiv},
  primaryclass  = {hep-ex},
  doi           = {10.1088/1475-7516/2023/10/022},
  journal       = {JCAP},
  volume        = {10},
  pages         = {022},
  year          = {2023}
}

@article{Arguelles:2019xgp,
  author        = {Arg{\"u}elles, C. A. and others},
  title         = {{New opportunities at the next-generation neutrino experiments I: BSM neutrino physics and dark matter}},
  eprint        = {1907.08311},
  archiveprefix = {arXiv},
  primaryclass  = {hep-ph},
  reportnumber  = {FERMILAB-FN-1079-T, Reports on Progress in Physics, Volume 83, Number 12},
  doi           = {10.1088/1361-6633/ab9d12},
  journal       = {Rept. Prog. Phys.},
  volume        = {83},
  number        = {12},
  pages         = {124201},
  year          = {2020}
}

@article{Yu:2025ygh,
  author        = {Yu, Boxiang},
  collaboration = {JUNO},
  title         = {{Status and progress of the JUNO liquid scintillator}},
  doi           = {10.22323/1.468.0087},
  journal       = {PoS},
  volume        = {TIPP2023},
  pages         = {087},
  year          = {2025}
}